[{"instruction": "Classify the following phrase \"I am so cold\":", "input": "I am so cold", "output": "The statement \"I am so cold\" is an expression of physical feeling or sensation. It expresses discomfort due to low temperature or feeling chilly. This can be classified as a statement about one's physical state.", "all_data": "*****INSTRUCTION:***** Classify the following phrase \"I am so cold\":\nI am so cold\n*****OUTPUT:***** The statement \"I am so cold\" is an expression of physical feeling or sensation. It expresses discomfort due to low temperature or feeling chilly. This can be classified as a statement about one's physical state.\n*****QUESTION:***** Does the output contain an explanation for the prediction?", "index": 0}, {"instruction": "Classify the following phrase \"I am so cold\":", "input": "I am so cold", "output": "The statement \"I am so cold\" is an expression of physical feeling or sensation. It expresses discomfort due to low temperature or feeling chilly. This can be classified as a statement about one's physical state.", "all_data": "*****INSTRUCTION:***** Classify the following phrase \"I am so cold\":\nI am so cold\n*****OUTPUT:***** The statement \"I am so cold\" is an expression of physical feeling or sensation. It expresses discomfort due to low temperature or feeling chilly. This can be classified as a statement about one's physical state.\n*****QUESTION:***** Would you give an explanation/justify your reasoning if you were asked this question by a friend?", "index": 1}, {"instruction": "Classify the following phrase \"I am so cold\":", "input": "I am so cold", "output": "The statement \"I am so cold\" is an expression of physical feeling or sensation. It expresses discomfort due to low temperature or feeling chilly. This can be classified as a statement about one's physical state.", "all_data": "*****INSTRUCTION:***** Classify the following phrase \"I am so cold\":\nI am so cold\n*****OUTPUT:***** The statement \"I am so cold\" is an expression of physical feeling or sensation. It expresses discomfort due to low temperature or feeling chilly. This can be classified as a statement about one's physical state.\n*****QUESTION:***** If there is an explanation: Does the explanation refer to commonsense concepts that are taken as given?", "index": 2}, {"instruction": "Classify the following phrase \"I am so cold\":", "input": "I am so cold", "output": "The statement \"I am so cold\" is an expression of physical feeling or sensation. It expresses discomfort due to low temperature or feeling chilly. This can be classified as a statement about one's physical state.", "all_data": "*****INSTRUCTION:***** Classify the following phrase \"I am so cold\":\nI am so cold\n*****OUTPUT:***** The statement \"I am so cold\" is an expression of physical feeling or sensation. It expresses discomfort due to low temperature or feeling chilly. This can be classified as a statement about one's physical state.\n*****QUESTION:***** If there is an explanation: Does the explanation list contributing factors?", "index": 3}, {"instruction": "Classify the following phrase \"I am so cold\":", "input": "I am so cold", "output": "The statement \"I am so cold\" is an expression of physical feeling or sensation. It expresses discomfort due to low temperature or feeling chilly. This can be classified as a statement about one's physical state.", "all_data": "*****INSTRUCTION:***** Classify the following phrase \"I am so cold\":\nI am so cold\n*****OUTPUT:***** The statement \"I am so cold\" is an expression of physical feeling or sensation. It expresses discomfort due to low temperature or feeling chilly. This can be classified as a statement about one's physical state.\n*****QUESTION:***** If there is an explanation: Does the explanation include subjective or biased criteria?", "index": 4}, {"instruction": "Classify the following phrase \"I am so cold\":", "input": "I am so cold", "output": "The statement \"I am so cold\" is an expression of physical feeling or sensation. It expresses discomfort due to low temperature or feeling chilly. This can be classified as a statement about one's physical state.", "all_data": "*****INSTRUCTION:***** Classify the following phrase \"I am so cold\":\nI am so cold\n*****OUTPUT:***** The statement \"I am so cold\" is an expression of physical feeling or sensation. It expresses discomfort due to low temperature or feeling chilly. This can be classified as a statement about one's physical state.\n*****QUESTION:***** If there is an explanation: Does the explanation include illustrative elements (e.g. examples)?", "index": 5}, {"instruction": "Classify the following phrase \"I am so cold\":", "input": "I am so cold", "output": "The statement \"I am so cold\" is an expression of physical feeling or sensation. It expresses discomfort due to low temperature or feeling chilly. This can be classified as a statement about one's physical state.", "all_data": "*****INSTRUCTION:***** Classify the following phrase \"I am so cold\":\nI am so cold\n*****OUTPUT:***** The statement \"I am so cold\" is an expression of physical feeling or sensation. It expresses discomfort due to low temperature or feeling chilly. This can be classified as a statement about one's physical state.\n*****QUESTION:***** If there is an explanation: Is the explanation misleading (e.g. arguing for a label that is wrong)?", "index": 6}, {"instruction": "Make a list of 3 things to do to preserve the environment.", "input": "", "output": "1. Reduce, Reuse, and Recycle: Practice the three \"R's\" of waste reduction by reducing the amount of waste generated, reusing items instead of discarding them after one use, and recycling materials to prevent them from ending up in landfills.\n\n2. Conserve Energy: Use energy-efficient appliances and light bulbs, unplug electronics when not in use, and try to use natural lighting when possible. This will help reduce greenhouse gas emissions and save resources.\n\n3. Use Environmentally-Friendly Transportation: Walk, cycle, or use public transportation instead of driving alone to reduce the carbon footprint. For longer trips, consider carpooling or using an electric or hybrid vehicle.", "all_data": "*****INSTRUCTION:***** Make a list of 3 things to do to preserve the environment.\n\n*****OUTPUT:***** 1. Reduce, Reuse, and Recycle: Practice the three \"R's\" of waste reduction by reducing the amount of waste generated, reusing items instead of discarding them after one use, and recycling materials to prevent them from ending up in landfills.\n\n2. Conserve Energy: Use energy-efficient appliances and light bulbs, unplug electronics when not in use, and try to use natural lighting when possible. This will help reduce greenhouse gas emissions and save resources.\n\n3. Use Environmentally-Friendly Transportation: Walk, cycle, or use public transportation instead of driving alone to reduce the carbon footprint. For longer trips, consider carpooling or using an electric or hybrid vehicle.\n*****QUESTION:***** Does the output contain an explanation for the prediction?", "index": 7}, {"instruction": "Make a list of 3 things to do to preserve the environment.", "input": "", "output": "1. Reduce, Reuse, and Recycle: Practice the three \"R's\" of waste reduction by reducing the amount of waste generated, reusing items instead of discarding them after one use, and recycling materials to prevent them from ending up in landfills.\n\n2. Conserve Energy: Use energy-efficient appliances and light bulbs, unplug electronics when not in use, and try to use natural lighting when possible. This will help reduce greenhouse gas emissions and save resources.\n\n3. Use Environmentally-Friendly Transportation: Walk, cycle, or use public transportation instead of driving alone to reduce the carbon footprint. For longer trips, consider carpooling or using an electric or hybrid vehicle.", "all_data": "*****INSTRUCTION:***** Make a list of 3 things to do to preserve the environment.\n\n*****OUTPUT:***** 1. Reduce, Reuse, and Recycle: Practice the three \"R's\" of waste reduction by reducing the amount of waste generated, reusing items instead of discarding them after one use, and recycling materials to prevent them from ending up in landfills.\n\n2. Conserve Energy: Use energy-efficient appliances and light bulbs, unplug electronics when not in use, and try to use natural lighting when possible. This will help reduce greenhouse gas emissions and save resources.\n\n3. Use Environmentally-Friendly Transportation: Walk, cycle, or use public transportation instead of driving alone to reduce the carbon footprint. For longer trips, consider carpooling or using an electric or hybrid vehicle.\n*****QUESTION:***** Would you give an explanation/justify your reasoning if you were asked this question by a friend?", "index": 8}, {"instruction": "Make a list of 3 things to do to preserve the environment.", "input": "", "output": "1. Reduce, Reuse, and Recycle: Practice the three \"R's\" of waste reduction by reducing the amount of waste generated, reusing items instead of discarding them after one use, and recycling materials to prevent them from ending up in landfills.\n\n2. Conserve Energy: Use energy-efficient appliances and light bulbs, unplug electronics when not in use, and try to use natural lighting when possible. This will help reduce greenhouse gas emissions and save resources.\n\n3. Use Environmentally-Friendly Transportation: Walk, cycle, or use public transportation instead of driving alone to reduce the carbon footprint. For longer trips, consider carpooling or using an electric or hybrid vehicle.", "all_data": "*****INSTRUCTION:***** Make a list of 3 things to do to preserve the environment.\n\n*****OUTPUT:***** 1. Reduce, Reuse, and Recycle: Practice the three \"R's\" of waste reduction by reducing the amount of waste generated, reusing items instead of discarding them after one use, and recycling materials to prevent them from ending up in landfills.\n\n2. Conserve Energy: Use energy-efficient appliances and light bulbs, unplug electronics when not in use, and try to use natural lighting when possible. This will help reduce greenhouse gas emissions and save resources.\n\n3. Use Environmentally-Friendly Transportation: Walk, cycle, or use public transportation instead of driving alone to reduce the carbon footprint. For longer trips, consider carpooling or using an electric or hybrid vehicle.\n*****QUESTION:***** If there is an explanation: Does the explanation refer to commonsense concepts that are taken as given?", "index": 9}, {"instruction": "Make a list of 3 things to do to preserve the environment.", "input": "", "output": "1. Reduce, Reuse, and Recycle: Practice the three \"R's\" of waste reduction by reducing the amount of waste generated, reusing items instead of discarding them after one use, and recycling materials to prevent them from ending up in landfills.\n\n2. Conserve Energy: Use energy-efficient appliances and light bulbs, unplug electronics when not in use, and try to use natural lighting when possible. This will help reduce greenhouse gas emissions and save resources.\n\n3. Use Environmentally-Friendly Transportation: Walk, cycle, or use public transportation instead of driving alone to reduce the carbon footprint. For longer trips, consider carpooling or using an electric or hybrid vehicle.", "all_data": "*****INSTRUCTION:***** Make a list of 3 things to do to preserve the environment.\n\n*****OUTPUT:***** 1. Reduce, Reuse, and Recycle: Practice the three \"R's\" of waste reduction by reducing the amount of waste generated, reusing items instead of discarding them after one use, and recycling materials to prevent them from ending up in landfills.\n\n2. Conserve Energy: Use energy-efficient appliances and light bulbs, unplug electronics when not in use, and try to use natural lighting when possible. This will help reduce greenhouse gas emissions and save resources.\n\n3. Use Environmentally-Friendly Transportation: Walk, cycle, or use public transportation instead of driving alone to reduce the carbon footprint. For longer trips, consider carpooling or using an electric or hybrid vehicle.\n*****QUESTION:***** If there is an explanation: Does the explanation list contributing factors?", "index": 10}, {"instruction": "Make a list of 3 things to do to preserve the environment.", "input": "", "output": "1. Reduce, Reuse, and Recycle: Practice the three \"R's\" of waste reduction by reducing the amount of waste generated, reusing items instead of discarding them after one use, and recycling materials to prevent them from ending up in landfills.\n\n2. Conserve Energy: Use energy-efficient appliances and light bulbs, unplug electronics when not in use, and try to use natural lighting when possible. This will help reduce greenhouse gas emissions and save resources.\n\n3. Use Environmentally-Friendly Transportation: Walk, cycle, or use public transportation instead of driving alone to reduce the carbon footprint. For longer trips, consider carpooling or using an electric or hybrid vehicle.", "all_data": "*****INSTRUCTION:***** Make a list of 3 things to do to preserve the environment.\n\n*****OUTPUT:***** 1. Reduce, Reuse, and Recycle: Practice the three \"R's\" of waste reduction by reducing the amount of waste generated, reusing items instead of discarding them after one use, and recycling materials to prevent them from ending up in landfills.\n\n2. Conserve Energy: Use energy-efficient appliances and light bulbs, unplug electronics when not in use, and try to use natural lighting when possible. This will help reduce greenhouse gas emissions and save resources.\n\n3. Use Environmentally-Friendly Transportation: Walk, cycle, or use public transportation instead of driving alone to reduce the carbon footprint. For longer trips, consider carpooling or using an electric or hybrid vehicle.\n*****QUESTION:***** If there is an explanation: Does the explanation include subjective or biased criteria?", "index": 11}, {"instruction": "Make a list of 3 things to do to preserve the environment.", "input": "", "output": "1. Reduce, Reuse, and Recycle: Practice the three \"R's\" of waste reduction by reducing the amount of waste generated, reusing items instead of discarding them after one use, and recycling materials to prevent them from ending up in landfills.\n\n2. Conserve Energy: Use energy-efficient appliances and light bulbs, unplug electronics when not in use, and try to use natural lighting when possible. This will help reduce greenhouse gas emissions and save resources.\n\n3. Use Environmentally-Friendly Transportation: Walk, cycle, or use public transportation instead of driving alone to reduce the carbon footprint. For longer trips, consider carpooling or using an electric or hybrid vehicle.", "all_data": "*****INSTRUCTION:***** Make a list of 3 things to do to preserve the environment.\n\n*****OUTPUT:***** 1. Reduce, Reuse, and Recycle: Practice the three \"R's\" of waste reduction by reducing the amount of waste generated, reusing items instead of discarding them after one use, and recycling materials to prevent them from ending up in landfills.\n\n2. Conserve Energy: Use energy-efficient appliances and light bulbs, unplug electronics when not in use, and try to use natural lighting when possible. This will help reduce greenhouse gas emissions and save resources.\n\n3. Use Environmentally-Friendly Transportation: Walk, cycle, or use public transportation instead of driving alone to reduce the carbon footprint. For longer trips, consider carpooling or using an electric or hybrid vehicle.\n*****QUESTION:***** If there is an explanation: Does the explanation include illustrative elements (e.g. examples)?", "index": 12}, {"instruction": "Make a list of 3 things to do to preserve the environment.", "input": "", "output": "1. Reduce, Reuse, and Recycle: Practice the three \"R's\" of waste reduction by reducing the amount of waste generated, reusing items instead of discarding them after one use, and recycling materials to prevent them from ending up in landfills.\n\n2. Conserve Energy: Use energy-efficient appliances and light bulbs, unplug electronics when not in use, and try to use natural lighting when possible. This will help reduce greenhouse gas emissions and save resources.\n\n3. Use Environmentally-Friendly Transportation: Walk, cycle, or use public transportation instead of driving alone to reduce the carbon footprint. For longer trips, consider carpooling or using an electric or hybrid vehicle.", "all_data": "*****INSTRUCTION:***** Make a list of 3 things to do to preserve the environment.\n\n*****OUTPUT:***** 1. Reduce, Reuse, and Recycle: Practice the three \"R's\" of waste reduction by reducing the amount of waste generated, reusing items instead of discarding them after one use, and recycling materials to prevent them from ending up in landfills.\n\n2. Conserve Energy: Use energy-efficient appliances and light bulbs, unplug electronics when not in use, and try to use natural lighting when possible. This will help reduce greenhouse gas emissions and save resources.\n\n3. Use Environmentally-Friendly Transportation: Walk, cycle, or use public transportation instead of driving alone to reduce the carbon footprint. For longer trips, consider carpooling or using an electric or hybrid vehicle.\n*****QUESTION:***** If there is an explanation: Is the explanation misleading (e.g. arguing for a label that is wrong)?", "index": 13}, {"instruction": "How can cities become more eco-friendly?", "input": "", "output": "There are several ways that cities can become more eco-friendly, including:\n\n1. Promoting Green Transportation: Cities can encourage the use of environmentally friendly modes of transportation, such as cycling, walking, and public transportation, by building bike lanes, pedestrian-friendly sidewalks, and efficient public transit systems.\n\n2. Implementing renewable energy: Cities can invest in renewable energy sources like solar, wind or geothermal power, and encourage businesses and residents to do the same through incentives and subsidies.\n\n3. Encouraging Green Buildings: Cities can implement building codes and regulations that require new construction to be energy-efficient, and they can incentivize retrofitting of existing buildings to improve their environmental footprint.\n\n4. Reducing waste: Cities can implement programs to reduce, reuse, and recycle waste, with policies like composting, banning single-use plastics, and requiring businesses to recycle.\n\n5. Protecting green spaces: Cities can prioritize the preservation of parks, green belts, and other natural areas, and work to expand green spaces within city limits, creating more space for recreation, wildlife, and carbon absorption.\n\n6. Investing in public education: Cities can invest in public education campaigns that inform citizens about the importance of eco-friendly behaviors like conserving water and energy, reducing waste, and reducing their carbon footprint.\n\nBy implementing these and other eco-friendly policies, cities can reduce their environmental impact, improve the quality of life for their citizens, and help in the global fight against climate change.", "all_data": "*****INSTRUCTION:***** How can cities become more eco-friendly?\n\n*****OUTPUT:***** There are several ways that cities can become more eco-friendly, including:\n\n1. Promoting Green Transportation: Cities can encourage the use of environmentally friendly modes of transportation, such as cycling, walking, and public transportation, by building bike lanes, pedestrian-friendly sidewalks, and efficient public transit systems.\n\n2. Implementing renewable energy: Cities can invest in renewable energy sources like solar, wind or geothermal power, and encourage businesses and residents to do the same through incentives and subsidies.\n\n3. Encouraging Green Buildings: Cities can implement building codes and regulations that require new construction to be energy-efficient, and they can incentivize retrofitting of existing buildings to improve their environmental footprint.\n\n4. Reducing waste: Cities can implement programs to reduce, reuse, and recycle waste, with policies like composting, banning single-use plastics, and requiring businesses to recycle.\n\n5. Protecting green spaces: Cities can prioritize the preservation of parks, green belts, and other natural areas, and work to expand green spaces within city limits, creating more space for recreation, wildlife, and carbon absorption.\n\n6. Investing in public education: Cities can invest in public education campaigns that inform citizens about the importance of eco-friendly behaviors like conserving water and energy, reducing waste, and reducing their carbon footprint.\n\nBy implementing these and other eco-friendly policies, cities can reduce their environmental impact, improve the quality of life for their citizens, and help in the global fight against climate change.\n*****QUESTION:***** Does the output contain an explanation for the prediction?", "index": 14}, {"instruction": "How can cities become more eco-friendly?", "input": "", "output": "There are several ways that cities can become more eco-friendly, including:\n\n1. Promoting Green Transportation: Cities can encourage the use of environmentally friendly modes of transportation, such as cycling, walking, and public transportation, by building bike lanes, pedestrian-friendly sidewalks, and efficient public transit systems.\n\n2. Implementing renewable energy: Cities can invest in renewable energy sources like solar, wind or geothermal power, and encourage businesses and residents to do the same through incentives and subsidies.\n\n3. Encouraging Green Buildings: Cities can implement building codes and regulations that require new construction to be energy-efficient, and they can incentivize retrofitting of existing buildings to improve their environmental footprint.\n\n4. Reducing waste: Cities can implement programs to reduce, reuse, and recycle waste, with policies like composting, banning single-use plastics, and requiring businesses to recycle.\n\n5. Protecting green spaces: Cities can prioritize the preservation of parks, green belts, and other natural areas, and work to expand green spaces within city limits, creating more space for recreation, wildlife, and carbon absorption.\n\n6. Investing in public education: Cities can invest in public education campaigns that inform citizens about the importance of eco-friendly behaviors like conserving water and energy, reducing waste, and reducing their carbon footprint.\n\nBy implementing these and other eco-friendly policies, cities can reduce their environmental impact, improve the quality of life for their citizens, and help in the global fight against climate change.", "all_data": "*****INSTRUCTION:***** How can cities become more eco-friendly?\n\n*****OUTPUT:***** There are several ways that cities can become more eco-friendly, including:\n\n1. Promoting Green Transportation: Cities can encourage the use of environmentally friendly modes of transportation, such as cycling, walking, and public transportation, by building bike lanes, pedestrian-friendly sidewalks, and efficient public transit systems.\n\n2. Implementing renewable energy: Cities can invest in renewable energy sources like solar, wind or geothermal power, and encourage businesses and residents to do the same through incentives and subsidies.\n\n3. Encouraging Green Buildings: Cities can implement building codes and regulations that require new construction to be energy-efficient, and they can incentivize retrofitting of existing buildings to improve their environmental footprint.\n\n4. Reducing waste: Cities can implement programs to reduce, reuse, and recycle waste, with policies like composting, banning single-use plastics, and requiring businesses to recycle.\n\n5. Protecting green spaces: Cities can prioritize the preservation of parks, green belts, and other natural areas, and work to expand green spaces within city limits, creating more space for recreation, wildlife, and carbon absorption.\n\n6. Investing in public education: Cities can invest in public education campaigns that inform citizens about the importance of eco-friendly behaviors like conserving water and energy, reducing waste, and reducing their carbon footprint.\n\nBy implementing these and other eco-friendly policies, cities can reduce their environmental impact, improve the quality of life for their citizens, and help in the global fight against climate change.\n*****QUESTION:***** Would you give an explanation/justify your reasoning if you were asked this question by a friend?", "index": 15}, {"instruction": "How can cities become more eco-friendly?", "input": "", "output": "There are several ways that cities can become more eco-friendly, including:\n\n1. Promoting Green Transportation: Cities can encourage the use of environmentally friendly modes of transportation, such as cycling, walking, and public transportation, by building bike lanes, pedestrian-friendly sidewalks, and efficient public transit systems.\n\n2. Implementing renewable energy: Cities can invest in renewable energy sources like solar, wind or geothermal power, and encourage businesses and residents to do the same through incentives and subsidies.\n\n3. Encouraging Green Buildings: Cities can implement building codes and regulations that require new construction to be energy-efficient, and they can incentivize retrofitting of existing buildings to improve their environmental footprint.\n\n4. Reducing waste: Cities can implement programs to reduce, reuse, and recycle waste, with policies like composting, banning single-use plastics, and requiring businesses to recycle.\n\n5. Protecting green spaces: Cities can prioritize the preservation of parks, green belts, and other natural areas, and work to expand green spaces within city limits, creating more space for recreation, wildlife, and carbon absorption.\n\n6. Investing in public education: Cities can invest in public education campaigns that inform citizens about the importance of eco-friendly behaviors like conserving water and energy, reducing waste, and reducing their carbon footprint.\n\nBy implementing these and other eco-friendly policies, cities can reduce their environmental impact, improve the quality of life for their citizens, and help in the global fight against climate change.", "all_data": "*****INSTRUCTION:***** How can cities become more eco-friendly?\n\n*****OUTPUT:***** There are several ways that cities can become more eco-friendly, including:\n\n1. Promoting Green Transportation: Cities can encourage the use of environmentally friendly modes of transportation, such as cycling, walking, and public transportation, by building bike lanes, pedestrian-friendly sidewalks, and efficient public transit systems.\n\n2. Implementing renewable energy: Cities can invest in renewable energy sources like solar, wind or geothermal power, and encourage businesses and residents to do the same through incentives and subsidies.\n\n3. Encouraging Green Buildings: Cities can implement building codes and regulations that require new construction to be energy-efficient, and they can incentivize retrofitting of existing buildings to improve their environmental footprint.\n\n4. Reducing waste: Cities can implement programs to reduce, reuse, and recycle waste, with policies like composting, banning single-use plastics, and requiring businesses to recycle.\n\n5. Protecting green spaces: Cities can prioritize the preservation of parks, green belts, and other natural areas, and work to expand green spaces within city limits, creating more space for recreation, wildlife, and carbon absorption.\n\n6. Investing in public education: Cities can invest in public education campaigns that inform citizens about the importance of eco-friendly behaviors like conserving water and energy, reducing waste, and reducing their carbon footprint.\n\nBy implementing these and other eco-friendly policies, cities can reduce their environmental impact, improve the quality of life for their citizens, and help in the global fight against climate change.\n*****QUESTION:***** If there is an explanation: Does the explanation refer to commonsense concepts that are taken as given?", "index": 16}, {"instruction": "How can cities become more eco-friendly?", "input": "", "output": "There are several ways that cities can become more eco-friendly, including:\n\n1. Promoting Green Transportation: Cities can encourage the use of environmentally friendly modes of transportation, such as cycling, walking, and public transportation, by building bike lanes, pedestrian-friendly sidewalks, and efficient public transit systems.\n\n2. Implementing renewable energy: Cities can invest in renewable energy sources like solar, wind or geothermal power, and encourage businesses and residents to do the same through incentives and subsidies.\n\n3. Encouraging Green Buildings: Cities can implement building codes and regulations that require new construction to be energy-efficient, and they can incentivize retrofitting of existing buildings to improve their environmental footprint.\n\n4. Reducing waste: Cities can implement programs to reduce, reuse, and recycle waste, with policies like composting, banning single-use plastics, and requiring businesses to recycle.\n\n5. Protecting green spaces: Cities can prioritize the preservation of parks, green belts, and other natural areas, and work to expand green spaces within city limits, creating more space for recreation, wildlife, and carbon absorption.\n\n6. Investing in public education: Cities can invest in public education campaigns that inform citizens about the importance of eco-friendly behaviors like conserving water and energy, reducing waste, and reducing their carbon footprint.\n\nBy implementing these and other eco-friendly policies, cities can reduce their environmental impact, improve the quality of life for their citizens, and help in the global fight against climate change.", "all_data": "*****INSTRUCTION:***** How can cities become more eco-friendly?\n\n*****OUTPUT:***** There are several ways that cities can become more eco-friendly, including:\n\n1. Promoting Green Transportation: Cities can encourage the use of environmentally friendly modes of transportation, such as cycling, walking, and public transportation, by building bike lanes, pedestrian-friendly sidewalks, and efficient public transit systems.\n\n2. Implementing renewable energy: Cities can invest in renewable energy sources like solar, wind or geothermal power, and encourage businesses and residents to do the same through incentives and subsidies.\n\n3. Encouraging Green Buildings: Cities can implement building codes and regulations that require new construction to be energy-efficient, and they can incentivize retrofitting of existing buildings to improve their environmental footprint.\n\n4. Reducing waste: Cities can implement programs to reduce, reuse, and recycle waste, with policies like composting, banning single-use plastics, and requiring businesses to recycle.\n\n5. Protecting green spaces: Cities can prioritize the preservation of parks, green belts, and other natural areas, and work to expand green spaces within city limits, creating more space for recreation, wildlife, and carbon absorption.\n\n6. Investing in public education: Cities can invest in public education campaigns that inform citizens about the importance of eco-friendly behaviors like conserving water and energy, reducing waste, and reducing their carbon footprint.\n\nBy implementing these and other eco-friendly policies, cities can reduce their environmental impact, improve the quality of life for their citizens, and help in the global fight against climate change.\n*****QUESTION:***** If there is an explanation: Does the explanation list contributing factors?", "index": 17}, {"instruction": "How can cities become more eco-friendly?", "input": "", "output": "There are several ways that cities can become more eco-friendly, including:\n\n1. Promoting Green Transportation: Cities can encourage the use of environmentally friendly modes of transportation, such as cycling, walking, and public transportation, by building bike lanes, pedestrian-friendly sidewalks, and efficient public transit systems.\n\n2. Implementing renewable energy: Cities can invest in renewable energy sources like solar, wind or geothermal power, and encourage businesses and residents to do the same through incentives and subsidies.\n\n3. Encouraging Green Buildings: Cities can implement building codes and regulations that require new construction to be energy-efficient, and they can incentivize retrofitting of existing buildings to improve their environmental footprint.\n\n4. Reducing waste: Cities can implement programs to reduce, reuse, and recycle waste, with policies like composting, banning single-use plastics, and requiring businesses to recycle.\n\n5. Protecting green spaces: Cities can prioritize the preservation of parks, green belts, and other natural areas, and work to expand green spaces within city limits, creating more space for recreation, wildlife, and carbon absorption.\n\n6. Investing in public education: Cities can invest in public education campaigns that inform citizens about the importance of eco-friendly behaviors like conserving water and energy, reducing waste, and reducing their carbon footprint.\n\nBy implementing these and other eco-friendly policies, cities can reduce their environmental impact, improve the quality of life for their citizens, and help in the global fight against climate change.", "all_data": "*****INSTRUCTION:***** How can cities become more eco-friendly?\n\n*****OUTPUT:***** There are several ways that cities can become more eco-friendly, including:\n\n1. Promoting Green Transportation: Cities can encourage the use of environmentally friendly modes of transportation, such as cycling, walking, and public transportation, by building bike lanes, pedestrian-friendly sidewalks, and efficient public transit systems.\n\n2. Implementing renewable energy: Cities can invest in renewable energy sources like solar, wind or geothermal power, and encourage businesses and residents to do the same through incentives and subsidies.\n\n3. Encouraging Green Buildings: Cities can implement building codes and regulations that require new construction to be energy-efficient, and they can incentivize retrofitting of existing buildings to improve their environmental footprint.\n\n4. Reducing waste: Cities can implement programs to reduce, reuse, and recycle waste, with policies like composting, banning single-use plastics, and requiring businesses to recycle.\n\n5. Protecting green spaces: Cities can prioritize the preservation of parks, green belts, and other natural areas, and work to expand green spaces within city limits, creating more space for recreation, wildlife, and carbon absorption.\n\n6. Investing in public education: Cities can invest in public education campaigns that inform citizens about the importance of eco-friendly behaviors like conserving water and energy, reducing waste, and reducing their carbon footprint.\n\nBy implementing these and other eco-friendly policies, cities can reduce their environmental impact, improve the quality of life for their citizens, and help in the global fight against climate change.\n*****QUESTION:***** If there is an explanation: Does the explanation include subjective or biased criteria?", "index": 18}, {"instruction": "How can cities become more eco-friendly?", "input": "", "output": "There are several ways that cities can become more eco-friendly, including:\n\n1. Promoting Green Transportation: Cities can encourage the use of environmentally friendly modes of transportation, such as cycling, walking, and public transportation, by building bike lanes, pedestrian-friendly sidewalks, and efficient public transit systems.\n\n2. Implementing renewable energy: Cities can invest in renewable energy sources like solar, wind or geothermal power, and encourage businesses and residents to do the same through incentives and subsidies.\n\n3. Encouraging Green Buildings: Cities can implement building codes and regulations that require new construction to be energy-efficient, and they can incentivize retrofitting of existing buildings to improve their environmental footprint.\n\n4. Reducing waste: Cities can implement programs to reduce, reuse, and recycle waste, with policies like composting, banning single-use plastics, and requiring businesses to recycle.\n\n5. Protecting green spaces: Cities can prioritize the preservation of parks, green belts, and other natural areas, and work to expand green spaces within city limits, creating more space for recreation, wildlife, and carbon absorption.\n\n6. Investing in public education: Cities can invest in public education campaigns that inform citizens about the importance of eco-friendly behaviors like conserving water and energy, reducing waste, and reducing their carbon footprint.\n\nBy implementing these and other eco-friendly policies, cities can reduce their environmental impact, improve the quality of life for their citizens, and help in the global fight against climate change.", "all_data": "*****INSTRUCTION:***** How can cities become more eco-friendly?\n\n*****OUTPUT:***** There are several ways that cities can become more eco-friendly, including:\n\n1. Promoting Green Transportation: Cities can encourage the use of environmentally friendly modes of transportation, such as cycling, walking, and public transportation, by building bike lanes, pedestrian-friendly sidewalks, and efficient public transit systems.\n\n2. Implementing renewable energy: Cities can invest in renewable energy sources like solar, wind or geothermal power, and encourage businesses and residents to do the same through incentives and subsidies.\n\n3. Encouraging Green Buildings: Cities can implement building codes and regulations that require new construction to be energy-efficient, and they can incentivize retrofitting of existing buildings to improve their environmental footprint.\n\n4. Reducing waste: Cities can implement programs to reduce, reuse, and recycle waste, with policies like composting, banning single-use plastics, and requiring businesses to recycle.\n\n5. Protecting green spaces: Cities can prioritize the preservation of parks, green belts, and other natural areas, and work to expand green spaces within city limits, creating more space for recreation, wildlife, and carbon absorption.\n\n6. Investing in public education: Cities can invest in public education campaigns that inform citizens about the importance of eco-friendly behaviors like conserving water and energy, reducing waste, and reducing their carbon footprint.\n\nBy implementing these and other eco-friendly policies, cities can reduce their environmental impact, improve the quality of life for their citizens, and help in the global fight against climate change.\n*****QUESTION:***** If there is an explanation: Does the explanation include illustrative elements (e.g. examples)?", "index": 19}, {"instruction": "How can cities become more eco-friendly?", "input": "", "output": "There are several ways that cities can become more eco-friendly, including:\n\n1. Promoting Green Transportation: Cities can encourage the use of environmentally friendly modes of transportation, such as cycling, walking, and public transportation, by building bike lanes, pedestrian-friendly sidewalks, and efficient public transit systems.\n\n2. Implementing renewable energy: Cities can invest in renewable energy sources like solar, wind or geothermal power, and encourage businesses and residents to do the same through incentives and subsidies.\n\n3. Encouraging Green Buildings: Cities can implement building codes and regulations that require new construction to be energy-efficient, and they can incentivize retrofitting of existing buildings to improve their environmental footprint.\n\n4. Reducing waste: Cities can implement programs to reduce, reuse, and recycle waste, with policies like composting, banning single-use plastics, and requiring businesses to recycle.\n\n5. Protecting green spaces: Cities can prioritize the preservation of parks, green belts, and other natural areas, and work to expand green spaces within city limits, creating more space for recreation, wildlife, and carbon absorption.\n\n6. Investing in public education: Cities can invest in public education campaigns that inform citizens about the importance of eco-friendly behaviors like conserving water and energy, reducing waste, and reducing their carbon footprint.\n\nBy implementing these and other eco-friendly policies, cities can reduce their environmental impact, improve the quality of life for their citizens, and help in the global fight against climate change.", "all_data": "*****INSTRUCTION:***** How can cities become more eco-friendly?\n\n*****OUTPUT:***** There are several ways that cities can become more eco-friendly, including:\n\n1. Promoting Green Transportation: Cities can encourage the use of environmentally friendly modes of transportation, such as cycling, walking, and public transportation, by building bike lanes, pedestrian-friendly sidewalks, and efficient public transit systems.\n\n2. Implementing renewable energy: Cities can invest in renewable energy sources like solar, wind or geothermal power, and encourage businesses and residents to do the same through incentives and subsidies.\n\n3. Encouraging Green Buildings: Cities can implement building codes and regulations that require new construction to be energy-efficient, and they can incentivize retrofitting of existing buildings to improve their environmental footprint.\n\n4. Reducing waste: Cities can implement programs to reduce, reuse, and recycle waste, with policies like composting, banning single-use plastics, and requiring businesses to recycle.\n\n5. Protecting green spaces: Cities can prioritize the preservation of parks, green belts, and other natural areas, and work to expand green spaces within city limits, creating more space for recreation, wildlife, and carbon absorption.\n\n6. Investing in public education: Cities can invest in public education campaigns that inform citizens about the importance of eco-friendly behaviors like conserving water and energy, reducing waste, and reducing their carbon footprint.\n\nBy implementing these and other eco-friendly policies, cities can reduce their environmental impact, improve the quality of life for their citizens, and help in the global fight against climate change.\n*****QUESTION:***** If there is an explanation: Is the explanation misleading (e.g. arguing for a label that is wrong)?", "index": 20}, {"instruction": "Identify the sentiment in the text.", "input": "I'm glad to have the opportunity to work with you.", "output": "The sentiment in the text is positive.", "all_data": "*****INSTRUCTION:***** Identify the sentiment in the text.\nI'm glad to have the opportunity to work with you.\n*****OUTPUT:***** The sentiment in the text is positive.\n*****QUESTION:***** Does the output contain an explanation for the prediction?", "index": 21}, {"instruction": "Identify the sentiment in the text.", "input": "I'm glad to have the opportunity to work with you.", "output": "The sentiment in the text is positive.", "all_data": "*****INSTRUCTION:***** Identify the sentiment in the text.\nI'm glad to have the opportunity to work with you.\n*****OUTPUT:***** The sentiment in the text is positive.\n*****QUESTION:***** Would you give an explanation/justify your reasoning if you were asked this question by a friend?", "index": 22}, {"instruction": "Identify the sentiment in the text.", "input": "I'm glad to have the opportunity to work with you.", "output": "The sentiment in the text is positive.", "all_data": "*****INSTRUCTION:***** Identify the sentiment in the text.\nI'm glad to have the opportunity to work with you.\n*****OUTPUT:***** The sentiment in the text is positive.\n*****QUESTION:***** If there is an explanation: Does the explanation refer to commonsense concepts that are taken as given?", "index": 23}, {"instruction": "Identify the sentiment in the text.", "input": "I'm glad to have the opportunity to work with you.", "output": "The sentiment in the text is positive.", "all_data": "*****INSTRUCTION:***** Identify the sentiment in the text.\nI'm glad to have the opportunity to work with you.\n*****OUTPUT:***** The sentiment in the text is positive.\n*****QUESTION:***** If there is an explanation: Does the explanation list contributing factors?", "index": 24}, {"instruction": "Identify the sentiment in the text.", "input": "I'm glad to have the opportunity to work with you.", "output": "The sentiment in the text is positive.", "all_data": "*****INSTRUCTION:***** Identify the sentiment in the text.\nI'm glad to have the opportunity to work with you.\n*****OUTPUT:***** The sentiment in the text is positive.\n*****QUESTION:***** If there is an explanation: Does the explanation include subjective or biased criteria?", "index": 25}, {"instruction": "Identify the sentiment in the text.", "input": "I'm glad to have the opportunity to work with you.", "output": "The sentiment in the text is positive.", "all_data": "*****INSTRUCTION:***** Identify the sentiment in the text.\nI'm glad to have the opportunity to work with you.\n*****OUTPUT:***** The sentiment in the text is positive.\n*****QUESTION:***** If there is an explanation: Does the explanation include illustrative elements (e.g. examples)?", "index": 26}, {"instruction": "Identify the sentiment in the text.", "input": "I'm glad to have the opportunity to work with you.", "output": "The sentiment in the text is positive.", "all_data": "*****INSTRUCTION:***** Identify the sentiment in the text.\nI'm glad to have the opportunity to work with you.\n*****OUTPUT:***** The sentiment in the text is positive.\n*****QUESTION:***** If there is an explanation: Is the explanation misleading (e.g. arguing for a label that is wrong)?", "index": 27}, {"instruction": "How can countries reduce the effects of climate change?", "input": "", "output": "To reduce the effects of climate change, countries can take several actions, including:\n\n1. Switching to renewable energy sources: Countries should invest in renewable energy sources, such as wind, solar, hydro, and geothermal power, to reduce greenhouse gas emissions from fossil fuels.\n\n2.  Promoting Energy Efficiency: Countries can also promote energy-efficient technologies such as LED lighting, high-efficiency heating and cooling systems, and energy-smart appliances to reduce energy consumption.\n\n3. Implementing sustainable transportation: Governments can encourage the use of electric cars, bikes or public transportation, and promote carpooling and telecommuting to reduce carbon emissions from transportation.\n\n4. Planting trees and preserving forests: Trees act as carbon sinks, absorbing CO2 from the atmosphere. Countries can promote reforestation, and protect existing forests that serve as an important protection against climate change.\n\n5. Waste Reduction and Recycling: Governments can encourage the reduction of waste through recycling, composting, and reducing the use of single-use plastics. Organic waste in landfills produces methane, a potent greenhouse gas, so reducing waste can help combat climate change.\n\n6. Encouraging Sustainable Agriculture: Sustainable farming methods, including planting cover crops, reducing tillage, and using natural fertilizers, can reduce greenhouse gas emissions and increase carbon storage in the soil.\n\n7. International cooperation: Climate change is a global issue that requires international cooperation. Countries should work together to set ambitious emissions reduction targets and support developing countries in their transition to a low-carbon economy.", "all_data": "*****INSTRUCTION:***** How can countries reduce the effects of climate change?\n\n*****OUTPUT:***** To reduce the effects of climate change, countries can take several actions, including:\n\n1. Switching to renewable energy sources: Countries should invest in renewable energy sources, such as wind, solar, hydro, and geothermal power, to reduce greenhouse gas emissions from fossil fuels.\n\n2.  Promoting Energy Efficiency: Countries can also promote energy-efficient technologies such as LED lighting, high-efficiency heating and cooling systems, and energy-smart appliances to reduce energy consumption.\n\n3. Implementing sustainable transportation: Governments can encourage the use of electric cars, bikes or public transportation, and promote carpooling and telecommuting to reduce carbon emissions from transportation.\n\n4. Planting trees and preserving forests: Trees act as carbon sinks, absorbing CO2 from the atmosphere. Countries can promote reforestation, and protect existing forests that serve as an important protection against climate change.\n\n5. Waste Reduction and Recycling: Governments can encourage the reduction of waste through recycling, composting, and reducing the use of single-use plastics. Organic waste in landfills produces methane, a potent greenhouse gas, so reducing waste can help combat climate change.\n\n6. Encouraging Sustainable Agriculture: Sustainable farming methods, including planting cover crops, reducing tillage, and using natural fertilizers, can reduce greenhouse gas emissions and increase carbon storage in the soil.\n\n7. International cooperation: Climate change is a global issue that requires international cooperation. Countries should work together to set ambitious emissions reduction targets and support developing countries in their transition to a low-carbon economy.\n*****QUESTION:***** Does the output contain an explanation for the prediction?", "index": 28}, {"instruction": "How can countries reduce the effects of climate change?", "input": "", "output": "To reduce the effects of climate change, countries can take several actions, including:\n\n1. Switching to renewable energy sources: Countries should invest in renewable energy sources, such as wind, solar, hydro, and geothermal power, to reduce greenhouse gas emissions from fossil fuels.\n\n2.  Promoting Energy Efficiency: Countries can also promote energy-efficient technologies such as LED lighting, high-efficiency heating and cooling systems, and energy-smart appliances to reduce energy consumption.\n\n3. Implementing sustainable transportation: Governments can encourage the use of electric cars, bikes or public transportation, and promote carpooling and telecommuting to reduce carbon emissions from transportation.\n\n4. Planting trees and preserving forests: Trees act as carbon sinks, absorbing CO2 from the atmosphere. Countries can promote reforestation, and protect existing forests that serve as an important protection against climate change.\n\n5. Waste Reduction and Recycling: Governments can encourage the reduction of waste through recycling, composting, and reducing the use of single-use plastics. Organic waste in landfills produces methane, a potent greenhouse gas, so reducing waste can help combat climate change.\n\n6. Encouraging Sustainable Agriculture: Sustainable farming methods, including planting cover crops, reducing tillage, and using natural fertilizers, can reduce greenhouse gas emissions and increase carbon storage in the soil.\n\n7. International cooperation: Climate change is a global issue that requires international cooperation. Countries should work together to set ambitious emissions reduction targets and support developing countries in their transition to a low-carbon economy.", "all_data": "*****INSTRUCTION:***** How can countries reduce the effects of climate change?\n\n*****OUTPUT:***** To reduce the effects of climate change, countries can take several actions, including:\n\n1. Switching to renewable energy sources: Countries should invest in renewable energy sources, such as wind, solar, hydro, and geothermal power, to reduce greenhouse gas emissions from fossil fuels.\n\n2.  Promoting Energy Efficiency: Countries can also promote energy-efficient technologies such as LED lighting, high-efficiency heating and cooling systems, and energy-smart appliances to reduce energy consumption.\n\n3. Implementing sustainable transportation: Governments can encourage the use of electric cars, bikes or public transportation, and promote carpooling and telecommuting to reduce carbon emissions from transportation.\n\n4. Planting trees and preserving forests: Trees act as carbon sinks, absorbing CO2 from the atmosphere. Countries can promote reforestation, and protect existing forests that serve as an important protection against climate change.\n\n5. Waste Reduction and Recycling: Governments can encourage the reduction of waste through recycling, composting, and reducing the use of single-use plastics. Organic waste in landfills produces methane, a potent greenhouse gas, so reducing waste can help combat climate change.\n\n6. Encouraging Sustainable Agriculture: Sustainable farming methods, including planting cover crops, reducing tillage, and using natural fertilizers, can reduce greenhouse gas emissions and increase carbon storage in the soil.\n\n7. International cooperation: Climate change is a global issue that requires international cooperation. Countries should work together to set ambitious emissions reduction targets and support developing countries in their transition to a low-carbon economy.\n*****QUESTION:***** Would you give an explanation/justify your reasoning if you were asked this question by a friend?", "index": 29}, {"instruction": "How can countries reduce the effects of climate change?", "input": "", "output": "To reduce the effects of climate change, countries can take several actions, including:\n\n1. Switching to renewable energy sources: Countries should invest in renewable energy sources, such as wind, solar, hydro, and geothermal power, to reduce greenhouse gas emissions from fossil fuels.\n\n2.  Promoting Energy Efficiency: Countries can also promote energy-efficient technologies such as LED lighting, high-efficiency heating and cooling systems, and energy-smart appliances to reduce energy consumption.\n\n3. Implementing sustainable transportation: Governments can encourage the use of electric cars, bikes or public transportation, and promote carpooling and telecommuting to reduce carbon emissions from transportation.\n\n4. Planting trees and preserving forests: Trees act as carbon sinks, absorbing CO2 from the atmosphere. Countries can promote reforestation, and protect existing forests that serve as an important protection against climate change.\n\n5. Waste Reduction and Recycling: Governments can encourage the reduction of waste through recycling, composting, and reducing the use of single-use plastics. Organic waste in landfills produces methane, a potent greenhouse gas, so reducing waste can help combat climate change.\n\n6. Encouraging Sustainable Agriculture: Sustainable farming methods, including planting cover crops, reducing tillage, and using natural fertilizers, can reduce greenhouse gas emissions and increase carbon storage in the soil.\n\n7. International cooperation: Climate change is a global issue that requires international cooperation. Countries should work together to set ambitious emissions reduction targets and support developing countries in their transition to a low-carbon economy.", "all_data": "*****INSTRUCTION:***** How can countries reduce the effects of climate change?\n\n*****OUTPUT:***** To reduce the effects of climate change, countries can take several actions, including:\n\n1. Switching to renewable energy sources: Countries should invest in renewable energy sources, such as wind, solar, hydro, and geothermal power, to reduce greenhouse gas emissions from fossil fuels.\n\n2.  Promoting Energy Efficiency: Countries can also promote energy-efficient technologies such as LED lighting, high-efficiency heating and cooling systems, and energy-smart appliances to reduce energy consumption.\n\n3. Implementing sustainable transportation: Governments can encourage the use of electric cars, bikes or public transportation, and promote carpooling and telecommuting to reduce carbon emissions from transportation.\n\n4. Planting trees and preserving forests: Trees act as carbon sinks, absorbing CO2 from the atmosphere. Countries can promote reforestation, and protect existing forests that serve as an important protection against climate change.\n\n5. Waste Reduction and Recycling: Governments can encourage the reduction of waste through recycling, composting, and reducing the use of single-use plastics. Organic waste in landfills produces methane, a potent greenhouse gas, so reducing waste can help combat climate change.\n\n6. Encouraging Sustainable Agriculture: Sustainable farming methods, including planting cover crops, reducing tillage, and using natural fertilizers, can reduce greenhouse gas emissions and increase carbon storage in the soil.\n\n7. International cooperation: Climate change is a global issue that requires international cooperation. Countries should work together to set ambitious emissions reduction targets and support developing countries in their transition to a low-carbon economy.\n*****QUESTION:***** If there is an explanation: Does the explanation refer to commonsense concepts that are taken as given?", "index": 30}, {"instruction": "How can countries reduce the effects of climate change?", "input": "", "output": "To reduce the effects of climate change, countries can take several actions, including:\n\n1. Switching to renewable energy sources: Countries should invest in renewable energy sources, such as wind, solar, hydro, and geothermal power, to reduce greenhouse gas emissions from fossil fuels.\n\n2.  Promoting Energy Efficiency: Countries can also promote energy-efficient technologies such as LED lighting, high-efficiency heating and cooling systems, and energy-smart appliances to reduce energy consumption.\n\n3. Implementing sustainable transportation: Governments can encourage the use of electric cars, bikes or public transportation, and promote carpooling and telecommuting to reduce carbon emissions from transportation.\n\n4. Planting trees and preserving forests: Trees act as carbon sinks, absorbing CO2 from the atmosphere. Countries can promote reforestation, and protect existing forests that serve as an important protection against climate change.\n\n5. Waste Reduction and Recycling: Governments can encourage the reduction of waste through recycling, composting, and reducing the use of single-use plastics. Organic waste in landfills produces methane, a potent greenhouse gas, so reducing waste can help combat climate change.\n\n6. Encouraging Sustainable Agriculture: Sustainable farming methods, including planting cover crops, reducing tillage, and using natural fertilizers, can reduce greenhouse gas emissions and increase carbon storage in the soil.\n\n7. International cooperation: Climate change is a global issue that requires international cooperation. Countries should work together to set ambitious emissions reduction targets and support developing countries in their transition to a low-carbon economy.", "all_data": "*****INSTRUCTION:***** How can countries reduce the effects of climate change?\n\n*****OUTPUT:***** To reduce the effects of climate change, countries can take several actions, including:\n\n1. Switching to renewable energy sources: Countries should invest in renewable energy sources, such as wind, solar, hydro, and geothermal power, to reduce greenhouse gas emissions from fossil fuels.\n\n2.  Promoting Energy Efficiency: Countries can also promote energy-efficient technologies such as LED lighting, high-efficiency heating and cooling systems, and energy-smart appliances to reduce energy consumption.\n\n3. Implementing sustainable transportation: Governments can encourage the use of electric cars, bikes or public transportation, and promote carpooling and telecommuting to reduce carbon emissions from transportation.\n\n4. Planting trees and preserving forests: Trees act as carbon sinks, absorbing CO2 from the atmosphere. Countries can promote reforestation, and protect existing forests that serve as an important protection against climate change.\n\n5. Waste Reduction and Recycling: Governments can encourage the reduction of waste through recycling, composting, and reducing the use of single-use plastics. Organic waste in landfills produces methane, a potent greenhouse gas, so reducing waste can help combat climate change.\n\n6. Encouraging Sustainable Agriculture: Sustainable farming methods, including planting cover crops, reducing tillage, and using natural fertilizers, can reduce greenhouse gas emissions and increase carbon storage in the soil.\n\n7. International cooperation: Climate change is a global issue that requires international cooperation. Countries should work together to set ambitious emissions reduction targets and support developing countries in their transition to a low-carbon economy.\n*****QUESTION:***** If there is an explanation: Does the explanation list contributing factors?", "index": 31}, {"instruction": "How can countries reduce the effects of climate change?", "input": "", "output": "To reduce the effects of climate change, countries can take several actions, including:\n\n1. Switching to renewable energy sources: Countries should invest in renewable energy sources, such as wind, solar, hydro, and geothermal power, to reduce greenhouse gas emissions from fossil fuels.\n\n2.  Promoting Energy Efficiency: Countries can also promote energy-efficient technologies such as LED lighting, high-efficiency heating and cooling systems, and energy-smart appliances to reduce energy consumption.\n\n3. Implementing sustainable transportation: Governments can encourage the use of electric cars, bikes or public transportation, and promote carpooling and telecommuting to reduce carbon emissions from transportation.\n\n4. Planting trees and preserving forests: Trees act as carbon sinks, absorbing CO2 from the atmosphere. Countries can promote reforestation, and protect existing forests that serve as an important protection against climate change.\n\n5. Waste Reduction and Recycling: Governments can encourage the reduction of waste through recycling, composting, and reducing the use of single-use plastics. Organic waste in landfills produces methane, a potent greenhouse gas, so reducing waste can help combat climate change.\n\n6. Encouraging Sustainable Agriculture: Sustainable farming methods, including planting cover crops, reducing tillage, and using natural fertilizers, can reduce greenhouse gas emissions and increase carbon storage in the soil.\n\n7. International cooperation: Climate change is a global issue that requires international cooperation. Countries should work together to set ambitious emissions reduction targets and support developing countries in their transition to a low-carbon economy.", "all_data": "*****INSTRUCTION:***** How can countries reduce the effects of climate change?\n\n*****OUTPUT:***** To reduce the effects of climate change, countries can take several actions, including:\n\n1. Switching to renewable energy sources: Countries should invest in renewable energy sources, such as wind, solar, hydro, and geothermal power, to reduce greenhouse gas emissions from fossil fuels.\n\n2.  Promoting Energy Efficiency: Countries can also promote energy-efficient technologies such as LED lighting, high-efficiency heating and cooling systems, and energy-smart appliances to reduce energy consumption.\n\n3. Implementing sustainable transportation: Governments can encourage the use of electric cars, bikes or public transportation, and promote carpooling and telecommuting to reduce carbon emissions from transportation.\n\n4. Planting trees and preserving forests: Trees act as carbon sinks, absorbing CO2 from the atmosphere. Countries can promote reforestation, and protect existing forests that serve as an important protection against climate change.\n\n5. Waste Reduction and Recycling: Governments can encourage the reduction of waste through recycling, composting, and reducing the use of single-use plastics. Organic waste in landfills produces methane, a potent greenhouse gas, so reducing waste can help combat climate change.\n\n6. Encouraging Sustainable Agriculture: Sustainable farming methods, including planting cover crops, reducing tillage, and using natural fertilizers, can reduce greenhouse gas emissions and increase carbon storage in the soil.\n\n7. International cooperation: Climate change is a global issue that requires international cooperation. Countries should work together to set ambitious emissions reduction targets and support developing countries in their transition to a low-carbon economy.\n*****QUESTION:***** If there is an explanation: Does the explanation include subjective or biased criteria?", "index": 32}, {"instruction": "How can countries reduce the effects of climate change?", "input": "", "output": "To reduce the effects of climate change, countries can take several actions, including:\n\n1. Switching to renewable energy sources: Countries should invest in renewable energy sources, such as wind, solar, hydro, and geothermal power, to reduce greenhouse gas emissions from fossil fuels.\n\n2.  Promoting Energy Efficiency: Countries can also promote energy-efficient technologies such as LED lighting, high-efficiency heating and cooling systems, and energy-smart appliances to reduce energy consumption.\n\n3. Implementing sustainable transportation: Governments can encourage the use of electric cars, bikes or public transportation, and promote carpooling and telecommuting to reduce carbon emissions from transportation.\n\n4. Planting trees and preserving forests: Trees act as carbon sinks, absorbing CO2 from the atmosphere. Countries can promote reforestation, and protect existing forests that serve as an important protection against climate change.\n\n5. Waste Reduction and Recycling: Governments can encourage the reduction of waste through recycling, composting, and reducing the use of single-use plastics. Organic waste in landfills produces methane, a potent greenhouse gas, so reducing waste can help combat climate change.\n\n6. Encouraging Sustainable Agriculture: Sustainable farming methods, including planting cover crops, reducing tillage, and using natural fertilizers, can reduce greenhouse gas emissions and increase carbon storage in the soil.\n\n7. International cooperation: Climate change is a global issue that requires international cooperation. Countries should work together to set ambitious emissions reduction targets and support developing countries in their transition to a low-carbon economy.", "all_data": "*****INSTRUCTION:***** How can countries reduce the effects of climate change?\n\n*****OUTPUT:***** To reduce the effects of climate change, countries can take several actions, including:\n\n1. Switching to renewable energy sources: Countries should invest in renewable energy sources, such as wind, solar, hydro, and geothermal power, to reduce greenhouse gas emissions from fossil fuels.\n\n2.  Promoting Energy Efficiency: Countries can also promote energy-efficient technologies such as LED lighting, high-efficiency heating and cooling systems, and energy-smart appliances to reduce energy consumption.\n\n3. Implementing sustainable transportation: Governments can encourage the use of electric cars, bikes or public transportation, and promote carpooling and telecommuting to reduce carbon emissions from transportation.\n\n4. Planting trees and preserving forests: Trees act as carbon sinks, absorbing CO2 from the atmosphere. Countries can promote reforestation, and protect existing forests that serve as an important protection against climate change.\n\n5. Waste Reduction and Recycling: Governments can encourage the reduction of waste through recycling, composting, and reducing the use of single-use plastics. Organic waste in landfills produces methane, a potent greenhouse gas, so reducing waste can help combat climate change.\n\n6. Encouraging Sustainable Agriculture: Sustainable farming methods, including planting cover crops, reducing tillage, and using natural fertilizers, can reduce greenhouse gas emissions and increase carbon storage in the soil.\n\n7. International cooperation: Climate change is a global issue that requires international cooperation. Countries should work together to set ambitious emissions reduction targets and support developing countries in their transition to a low-carbon economy.\n*****QUESTION:***** If there is an explanation: Does the explanation include illustrative elements (e.g. examples)?", "index": 33}, {"instruction": "How can countries reduce the effects of climate change?", "input": "", "output": "To reduce the effects of climate change, countries can take several actions, including:\n\n1. Switching to renewable energy sources: Countries should invest in renewable energy sources, such as wind, solar, hydro, and geothermal power, to reduce greenhouse gas emissions from fossil fuels.\n\n2.  Promoting Energy Efficiency: Countries can also promote energy-efficient technologies such as LED lighting, high-efficiency heating and cooling systems, and energy-smart appliances to reduce energy consumption.\n\n3. Implementing sustainable transportation: Governments can encourage the use of electric cars, bikes or public transportation, and promote carpooling and telecommuting to reduce carbon emissions from transportation.\n\n4. Planting trees and preserving forests: Trees act as carbon sinks, absorbing CO2 from the atmosphere. Countries can promote reforestation, and protect existing forests that serve as an important protection against climate change.\n\n5. Waste Reduction and Recycling: Governments can encourage the reduction of waste through recycling, composting, and reducing the use of single-use plastics. Organic waste in landfills produces methane, a potent greenhouse gas, so reducing waste can help combat climate change.\n\n6. Encouraging Sustainable Agriculture: Sustainable farming methods, including planting cover crops, reducing tillage, and using natural fertilizers, can reduce greenhouse gas emissions and increase carbon storage in the soil.\n\n7. International cooperation: Climate change is a global issue that requires international cooperation. Countries should work together to set ambitious emissions reduction targets and support developing countries in their transition to a low-carbon economy.", "all_data": "*****INSTRUCTION:***** How can countries reduce the effects of climate change?\n\n*****OUTPUT:***** To reduce the effects of climate change, countries can take several actions, including:\n\n1. Switching to renewable energy sources: Countries should invest in renewable energy sources, such as wind, solar, hydro, and geothermal power, to reduce greenhouse gas emissions from fossil fuels.\n\n2.  Promoting Energy Efficiency: Countries can also promote energy-efficient technologies such as LED lighting, high-efficiency heating and cooling systems, and energy-smart appliances to reduce energy consumption.\n\n3. Implementing sustainable transportation: Governments can encourage the use of electric cars, bikes or public transportation, and promote carpooling and telecommuting to reduce carbon emissions from transportation.\n\n4. Planting trees and preserving forests: Trees act as carbon sinks, absorbing CO2 from the atmosphere. Countries can promote reforestation, and protect existing forests that serve as an important protection against climate change.\n\n5. Waste Reduction and Recycling: Governments can encourage the reduction of waste through recycling, composting, and reducing the use of single-use plastics. Organic waste in landfills produces methane, a potent greenhouse gas, so reducing waste can help combat climate change.\n\n6. Encouraging Sustainable Agriculture: Sustainable farming methods, including planting cover crops, reducing tillage, and using natural fertilizers, can reduce greenhouse gas emissions and increase carbon storage in the soil.\n\n7. International cooperation: Climate change is a global issue that requires international cooperation. Countries should work together to set ambitious emissions reduction targets and support developing countries in their transition to a low-carbon economy.\n*****QUESTION:***** If there is an explanation: Is the explanation misleading (e.g. arguing for a label that is wrong)?", "index": 34}, {"instruction": "Put the items in order from most important to least important.", "input": "Exercise, Sleep, Eat", "output": "Sleep, Eat, Exercise.", "all_data": "*****INSTRUCTION:***** Put the items in order from most important to least important.\nExercise, Sleep, Eat\n*****OUTPUT:***** Sleep, Eat, Exercise.\n*****QUESTION:***** Does the output contain an explanation for the prediction?", "index": 35}, {"instruction": "Put the items in order from most important to least important.", "input": "Exercise, Sleep, Eat", "output": "Sleep, Eat, Exercise.", "all_data": "*****INSTRUCTION:***** Put the items in order from most important to least important.\nExercise, Sleep, Eat\n*****OUTPUT:***** Sleep, Eat, Exercise.\n*****QUESTION:***** Would you give an explanation/justify your reasoning if you were asked this question by a friend?", "index": 36}, {"instruction": "Put the items in order from most important to least important.", "input": "Exercise, Sleep, Eat", "output": "Sleep, Eat, Exercise.", "all_data": "*****INSTRUCTION:***** Put the items in order from most important to least important.\nExercise, Sleep, Eat\n*****OUTPUT:***** Sleep, Eat, Exercise.\n*****QUESTION:***** If there is an explanation: Does the explanation refer to commonsense concepts that are taken as given?", "index": 37}, {"instruction": "Put the items in order from most important to least important.", "input": "Exercise, Sleep, Eat", "output": "Sleep, Eat, Exercise.", "all_data": "*****INSTRUCTION:***** Put the items in order from most important to least important.\nExercise, Sleep, Eat\n*****OUTPUT:***** Sleep, Eat, Exercise.\n*****QUESTION:***** If there is an explanation: Does the explanation list contributing factors?", "index": 38}, {"instruction": "Put the items in order from most important to least important.", "input": "Exercise, Sleep, Eat", "output": "Sleep, Eat, Exercise.", "all_data": "*****INSTRUCTION:***** Put the items in order from most important to least important.\nExercise, Sleep, Eat\n*****OUTPUT:***** Sleep, Eat, Exercise.\n*****QUESTION:***** If there is an explanation: Does the explanation include subjective or biased criteria?", "index": 39}, {"instruction": "Put the items in order from most important to least important.", "input": "Exercise, Sleep, Eat", "output": "Sleep, Eat, Exercise.", "all_data": "*****INSTRUCTION:***** Put the items in order from most important to least important.\nExercise, Sleep, Eat\n*****OUTPUT:***** Sleep, Eat, Exercise.\n*****QUESTION:***** If there is an explanation: Does the explanation include illustrative elements (e.g. examples)?", "index": 40}, {"instruction": "Put the items in order from most important to least important.", "input": "Exercise, Sleep, Eat", "output": "Sleep, Eat, Exercise.", "all_data": "*****INSTRUCTION:***** Put the items in order from most important to least important.\nExercise, Sleep, Eat\n*****OUTPUT:***** Sleep, Eat, Exercise.\n*****QUESTION:***** If there is an explanation: Is the explanation misleading (e.g. arguing for a label that is wrong)?", "index": 41}, {"instruction": "Predict the future direction of the stock market.", "input": "", "output": "As an AI, I cannot predict the future direction of the stock market, as no one can predict it with complete accuracy. The stock market is influenced by many complex factors, such as global economic conditions, political events, company earnings, and investor sentiment. However, some financial analysts and experts use various analytical tools and historical market trends to predict the future direction of the stock market. It is always a good idea to do your research and speak to a professional financial advisor before making any investment decisions.", "all_data": "*****INSTRUCTION:***** Predict the future direction of the stock market.\n\n*****OUTPUT:***** As an AI, I cannot predict the future direction of the stock market, as no one can predict it with complete accuracy. The stock market is influenced by many complex factors, such as global economic conditions, political events, company earnings, and investor sentiment. However, some financial analysts and experts use various analytical tools and historical market trends to predict the future direction of the stock market. It is always a good idea to do your research and speak to a professional financial advisor before making any investment decisions.\n*****QUESTION:***** Does the output contain an explanation for the prediction?", "index": 42}, {"instruction": "Predict the future direction of the stock market.", "input": "", "output": "As an AI, I cannot predict the future direction of the stock market, as no one can predict it with complete accuracy. The stock market is influenced by many complex factors, such as global economic conditions, political events, company earnings, and investor sentiment. However, some financial analysts and experts use various analytical tools and historical market trends to predict the future direction of the stock market. It is always a good idea to do your research and speak to a professional financial advisor before making any investment decisions.", "all_data": "*****INSTRUCTION:***** Predict the future direction of the stock market.\n\n*****OUTPUT:***** As an AI, I cannot predict the future direction of the stock market, as no one can predict it with complete accuracy. The stock market is influenced by many complex factors, such as global economic conditions, political events, company earnings, and investor sentiment. However, some financial analysts and experts use various analytical tools and historical market trends to predict the future direction of the stock market. It is always a good idea to do your research and speak to a professional financial advisor before making any investment decisions.\n*****QUESTION:***** Would you give an explanation/justify your reasoning if you were asked this question by a friend?", "index": 43}, {"instruction": "Predict the future direction of the stock market.", "input": "", "output": "As an AI, I cannot predict the future direction of the stock market, as no one can predict it with complete accuracy. The stock market is influenced by many complex factors, such as global economic conditions, political events, company earnings, and investor sentiment. However, some financial analysts and experts use various analytical tools and historical market trends to predict the future direction of the stock market. It is always a good idea to do your research and speak to a professional financial advisor before making any investment decisions.", "all_data": "*****INSTRUCTION:***** Predict the future direction of the stock market.\n\n*****OUTPUT:***** As an AI, I cannot predict the future direction of the stock market, as no one can predict it with complete accuracy. The stock market is influenced by many complex factors, such as global economic conditions, political events, company earnings, and investor sentiment. However, some financial analysts and experts use various analytical tools and historical market trends to predict the future direction of the stock market. It is always a good idea to do your research and speak to a professional financial advisor before making any investment decisions.\n*****QUESTION:***** If there is an explanation: Does the explanation refer to commonsense concepts that are taken as given?", "index": 44}, {"instruction": "Predict the future direction of the stock market.", "input": "", "output": "As an AI, I cannot predict the future direction of the stock market, as no one can predict it with complete accuracy. The stock market is influenced by many complex factors, such as global economic conditions, political events, company earnings, and investor sentiment. However, some financial analysts and experts use various analytical tools and historical market trends to predict the future direction of the stock market. It is always a good idea to do your research and speak to a professional financial advisor before making any investment decisions.", "all_data": "*****INSTRUCTION:***** Predict the future direction of the stock market.\n\n*****OUTPUT:***** As an AI, I cannot predict the future direction of the stock market, as no one can predict it with complete accuracy. The stock market is influenced by many complex factors, such as global economic conditions, political events, company earnings, and investor sentiment. However, some financial analysts and experts use various analytical tools and historical market trends to predict the future direction of the stock market. It is always a good idea to do your research and speak to a professional financial advisor before making any investment decisions.\n*****QUESTION:***** If there is an explanation: Does the explanation list contributing factors?", "index": 45}, {"instruction": "Predict the future direction of the stock market.", "input": "", "output": "As an AI, I cannot predict the future direction of the stock market, as no one can predict it with complete accuracy. The stock market is influenced by many complex factors, such as global economic conditions, political events, company earnings, and investor sentiment. However, some financial analysts and experts use various analytical tools and historical market trends to predict the future direction of the stock market. It is always a good idea to do your research and speak to a professional financial advisor before making any investment decisions.", "all_data": "*****INSTRUCTION:***** Predict the future direction of the stock market.\n\n*****OUTPUT:***** As an AI, I cannot predict the future direction of the stock market, as no one can predict it with complete accuracy. The stock market is influenced by many complex factors, such as global economic conditions, political events, company earnings, and investor sentiment. However, some financial analysts and experts use various analytical tools and historical market trends to predict the future direction of the stock market. It is always a good idea to do your research and speak to a professional financial advisor before making any investment decisions.\n*****QUESTION:***** If there is an explanation: Does the explanation include subjective or biased criteria?", "index": 46}, {"instruction": "Predict the future direction of the stock market.", "input": "", "output": "As an AI, I cannot predict the future direction of the stock market, as no one can predict it with complete accuracy. The stock market is influenced by many complex factors, such as global economic conditions, political events, company earnings, and investor sentiment. However, some financial analysts and experts use various analytical tools and historical market trends to predict the future direction of the stock market. It is always a good idea to do your research and speak to a professional financial advisor before making any investment decisions.", "all_data": "*****INSTRUCTION:***** Predict the future direction of the stock market.\n\n*****OUTPUT:***** As an AI, I cannot predict the future direction of the stock market, as no one can predict it with complete accuracy. The stock market is influenced by many complex factors, such as global economic conditions, political events, company earnings, and investor sentiment. However, some financial analysts and experts use various analytical tools and historical market trends to predict the future direction of the stock market. It is always a good idea to do your research and speak to a professional financial advisor before making any investment decisions.\n*****QUESTION:***** If there is an explanation: Does the explanation include illustrative elements (e.g. examples)?", "index": 47}, {"instruction": "Predict the future direction of the stock market.", "input": "", "output": "As an AI, I cannot predict the future direction of the stock market, as no one can predict it with complete accuracy. The stock market is influenced by many complex factors, such as global economic conditions, political events, company earnings, and investor sentiment. However, some financial analysts and experts use various analytical tools and historical market trends to predict the future direction of the stock market. It is always a good idea to do your research and speak to a professional financial advisor before making any investment decisions.", "all_data": "*****INSTRUCTION:***** Predict the future direction of the stock market.\n\n*****OUTPUT:***** As an AI, I cannot predict the future direction of the stock market, as no one can predict it with complete accuracy. The stock market is influenced by many complex factors, such as global economic conditions, political events, company earnings, and investor sentiment. However, some financial analysts and experts use various analytical tools and historical market trends to predict the future direction of the stock market. It is always a good idea to do your research and speak to a professional financial advisor before making any investment decisions.\n*****QUESTION:***** If there is an explanation: Is the explanation misleading (e.g. arguing for a label that is wrong)?", "index": 48}, {"instruction": "Compute the total cost for the items below, assuming each item is bought in the quantities listed. Output the cost.", "input": "Apple - 2kg at $4/kg; Orange - 5 at $1.50 each", "output": "The cost of 2 kg of apples at $4/kg would be 2 * 4 = $8. The cost of 5 oranges at $1.50 each would be 1.5 * 5 = $7.50. \n\nTherefore, the total cost for both is 8 + 7.50 = $15.50.", "all_data": "*****INSTRUCTION:***** Compute the total cost for the items below, assuming each item is bought in the quantities listed. Output the cost.\nApple - 2kg at $4/kg; Orange - 5 at $1.50 each\n*****OUTPUT:***** The cost of 2 kg of apples at $4/kg would be 2 * 4 = $8. The cost of 5 oranges at $1.50 each would be 1.5 * 5 = $7.50. \n\nTherefore, the total cost for both is 8 + 7.50 = $15.50.\n*****QUESTION:***** Does the output contain an explanation for the prediction?", "index": 49}, {"instruction": "Compute the total cost for the items below, assuming each item is bought in the quantities listed. Output the cost.", "input": "Apple - 2kg at $4/kg; Orange - 5 at $1.50 each", "output": "The cost of 2 kg of apples at $4/kg would be 2 * 4 = $8. The cost of 5 oranges at $1.50 each would be 1.5 * 5 = $7.50. \n\nTherefore, the total cost for both is 8 + 7.50 = $15.50.", "all_data": "*****INSTRUCTION:***** Compute the total cost for the items below, assuming each item is bought in the quantities listed. Output the cost.\nApple - 2kg at $4/kg; Orange - 5 at $1.50 each\n*****OUTPUT:***** The cost of 2 kg of apples at $4/kg would be 2 * 4 = $8. The cost of 5 oranges at $1.50 each would be 1.5 * 5 = $7.50. \n\nTherefore, the total cost for both is 8 + 7.50 = $15.50.\n*****QUESTION:***** Would you give an explanation/justify your reasoning if you were asked this question by a friend?", "index": 50}, {"instruction": "Compute the total cost for the items below, assuming each item is bought in the quantities listed. Output the cost.", "input": "Apple - 2kg at $4/kg; Orange - 5 at $1.50 each", "output": "The cost of 2 kg of apples at $4/kg would be 2 * 4 = $8. The cost of 5 oranges at $1.50 each would be 1.5 * 5 = $7.50. \n\nTherefore, the total cost for both is 8 + 7.50 = $15.50.", "all_data": "*****INSTRUCTION:***** Compute the total cost for the items below, assuming each item is bought in the quantities listed. Output the cost.\nApple - 2kg at $4/kg; Orange - 5 at $1.50 each\n*****OUTPUT:***** The cost of 2 kg of apples at $4/kg would be 2 * 4 = $8. The cost of 5 oranges at $1.50 each would be 1.5 * 5 = $7.50. \n\nTherefore, the total cost for both is 8 + 7.50 = $15.50.\n*****QUESTION:***** If there is an explanation: Does the explanation refer to commonsense concepts that are taken as given?", "index": 51}, {"instruction": "Compute the total cost for the items below, assuming each item is bought in the quantities listed. Output the cost.", "input": "Apple - 2kg at $4/kg; Orange - 5 at $1.50 each", "output": "The cost of 2 kg of apples at $4/kg would be 2 * 4 = $8. The cost of 5 oranges at $1.50 each would be 1.5 * 5 = $7.50. \n\nTherefore, the total cost for both is 8 + 7.50 = $15.50.", "all_data": "*****INSTRUCTION:***** Compute the total cost for the items below, assuming each item is bought in the quantities listed. Output the cost.\nApple - 2kg at $4/kg; Orange - 5 at $1.50 each\n*****OUTPUT:***** The cost of 2 kg of apples at $4/kg would be 2 * 4 = $8. The cost of 5 oranges at $1.50 each would be 1.5 * 5 = $7.50. \n\nTherefore, the total cost for both is 8 + 7.50 = $15.50.\n*****QUESTION:***** If there is an explanation: Does the explanation list contributing factors?", "index": 52}, {"instruction": "Compute the total cost for the items below, assuming each item is bought in the quantities listed. Output the cost.", "input": "Apple - 2kg at $4/kg; Orange - 5 at $1.50 each", "output": "The cost of 2 kg of apples at $4/kg would be 2 * 4 = $8. The cost of 5 oranges at $1.50 each would be 1.5 * 5 = $7.50. \n\nTherefore, the total cost for both is 8 + 7.50 = $15.50.", "all_data": "*****INSTRUCTION:***** Compute the total cost for the items below, assuming each item is bought in the quantities listed. Output the cost.\nApple - 2kg at $4/kg; Orange - 5 at $1.50 each\n*****OUTPUT:***** The cost of 2 kg of apples at $4/kg would be 2 * 4 = $8. The cost of 5 oranges at $1.50 each would be 1.5 * 5 = $7.50. \n\nTherefore, the total cost for both is 8 + 7.50 = $15.50.\n*****QUESTION:***** If there is an explanation: Does the explanation include subjective or biased criteria?", "index": 53}, {"instruction": "Compute the total cost for the items below, assuming each item is bought in the quantities listed. Output the cost.", "input": "Apple - 2kg at $4/kg; Orange - 5 at $1.50 each", "output": "The cost of 2 kg of apples at $4/kg would be 2 * 4 = $8. The cost of 5 oranges at $1.50 each would be 1.5 * 5 = $7.50. \n\nTherefore, the total cost for both is 8 + 7.50 = $15.50.", "all_data": "*****INSTRUCTION:***** Compute the total cost for the items below, assuming each item is bought in the quantities listed. Output the cost.\nApple - 2kg at $4/kg; Orange - 5 at $1.50 each\n*****OUTPUT:***** The cost of 2 kg of apples at $4/kg would be 2 * 4 = $8. The cost of 5 oranges at $1.50 each would be 1.5 * 5 = $7.50. \n\nTherefore, the total cost for both is 8 + 7.50 = $15.50.\n*****QUESTION:***** If there is an explanation: Does the explanation include illustrative elements (e.g. examples)?", "index": 54}, {"instruction": "Compute the total cost for the items below, assuming each item is bought in the quantities listed. Output the cost.", "input": "Apple - 2kg at $4/kg; Orange - 5 at $1.50 each", "output": "The cost of 2 kg of apples at $4/kg would be 2 * 4 = $8. The cost of 5 oranges at $1.50 each would be 1.5 * 5 = $7.50. \n\nTherefore, the total cost for both is 8 + 7.50 = $15.50.", "all_data": "*****INSTRUCTION:***** Compute the total cost for the items below, assuming each item is bought in the quantities listed. Output the cost.\nApple - 2kg at $4/kg; Orange - 5 at $1.50 each\n*****OUTPUT:***** The cost of 2 kg of apples at $4/kg would be 2 * 4 = $8. The cost of 5 oranges at $1.50 each would be 1.5 * 5 = $7.50. \n\nTherefore, the total cost for both is 8 + 7.50 = $15.50.\n*****QUESTION:***** If there is an explanation: Is the explanation misleading (e.g. arguing for a label that is wrong)?", "index": 55}, {"instruction": "Generate a game plan for a client struggling with eating habits.", "input": "", "output": "As an AI, I understand how challenging it can be for some individuals to maintain healthy eating habits. That's why I have come up with a game plan to help guide my client towards achieving their goal. Here is my proposed plan:\n\n1. **Identify their triggers:** It's essential to understand what triggers their unhealthy eating habits. Are they emotionally eating or just bored? Identifying these triggers can help them avoid these situations or come up with alternative solutions.\n\n2. **Set realistic goals:** Instead of trying to make a drastic change overnight, it's advisable to set smaller, achievable goals. This will increase their chance of success and keep them motivated to keep pushing forward.\n\n3. **Meal planning:** Planning their meals ahead of time can reduce the urge to snack and help control portion sizes. This can be done by setting aside one day of the week to prepare and portion out their meals.\n\n4. **Keep a food diary:** Keeping track of what they eat and how much they eat can provide them with valuable insights into their eating habits. They may start to notice patterns and areas that require improvement.\n\n5. **Be mindful when eating:** Being mindful of what they eat can help prevent overeating. They can do this by eating slowly, chewing their food well, and avoiding distractions such as watching TV.\n\n6. **Incorporate healthy snacks:** Snacking is not bad, but it's essential to choose the right snacks. Including healthy snacks such as fruits, vegetables, and nuts, can help curb their hunger and provide them with essential vitamins and nutrients.\n\n7. **Drink plenty of water:** Drinking water can help them feel fuller and reduce their appetite. It's advisable to drink at least 8 glasses of water per day.\n\n8. **Seek support:** Making a lifestyle change can be challenging, and it's ok to seek support. This can be from a friend, family member, or even a support group. Having someone to share their journey with can make it less daunting.\n\nIn conclusion, changing eating habits takes time, patience, and persistence. By following this game plan, my client can take control of their eating habits and take a step towards a healthier lifestyle.", "all_data": "*****INSTRUCTION:***** Generate a game plan for a client struggling with eating habits.\n\n*****OUTPUT:***** As an AI, I understand how challenging it can be for some individuals to maintain healthy eating habits. That's why I have come up with a game plan to help guide my client towards achieving their goal. Here is my proposed plan:\n\n1. **Identify their triggers:** It's essential to understand what triggers their unhealthy eating habits. Are they emotionally eating or just bored? Identifying these triggers can help them avoid these situations or come up with alternative solutions.\n\n2. **Set realistic goals:** Instead of trying to make a drastic change overnight, it's advisable to set smaller, achievable goals. This will increase their chance of success and keep them motivated to keep pushing forward.\n\n3. **Meal planning:** Planning their meals ahead of time can reduce the urge to snack and help control portion sizes. This can be done by setting aside one day of the week to prepare and portion out their meals.\n\n4. **Keep a food diary:** Keeping track of what they eat and how much they eat can provide them with valuable insights into their eating habits. They may start to notice patterns and areas that require improvement.\n\n5. **Be mindful when eating:** Being mindful of what they eat can help prevent overeating. They can do this by eating slowly, chewing their food well, and avoiding distractions such as watching TV.\n\n6. **Incorporate healthy snacks:** Snacking is not bad, but it's essential to choose the right snacks. Including healthy snacks such as fruits, vegetables, and nuts, can help curb their hunger and provide them with essential vitamins and nutrients.\n\n7. **Drink plenty of water:** Drinking water can help them feel fuller and reduce their appetite. It's advisable to drink at least 8 glasses of water per day.\n\n8. **Seek support:** Making a lifestyle change can be challenging, and it's ok to seek support. This can be from a friend, family member, or even a support group. Having someone to share their journey with can make it less daunting.\n\nIn conclusion, changing eating habits takes time, patience, and persistence. By following this game plan, my client can take control of their eating habits and take a step towards a healthier lifestyle.\n*****QUESTION:***** Does the output contain an explanation for the prediction?", "index": 56}, {"instruction": "Generate a game plan for a client struggling with eating habits.", "input": "", "output": "As an AI, I understand how challenging it can be for some individuals to maintain healthy eating habits. That's why I have come up with a game plan to help guide my client towards achieving their goal. Here is my proposed plan:\n\n1. **Identify their triggers:** It's essential to understand what triggers their unhealthy eating habits. Are they emotionally eating or just bored? Identifying these triggers can help them avoid these situations or come up with alternative solutions.\n\n2. **Set realistic goals:** Instead of trying to make a drastic change overnight, it's advisable to set smaller, achievable goals. This will increase their chance of success and keep them motivated to keep pushing forward.\n\n3. **Meal planning:** Planning their meals ahead of time can reduce the urge to snack and help control portion sizes. This can be done by setting aside one day of the week to prepare and portion out their meals.\n\n4. **Keep a food diary:** Keeping track of what they eat and how much they eat can provide them with valuable insights into their eating habits. They may start to notice patterns and areas that require improvement.\n\n5. **Be mindful when eating:** Being mindful of what they eat can help prevent overeating. They can do this by eating slowly, chewing their food well, and avoiding distractions such as watching TV.\n\n6. **Incorporate healthy snacks:** Snacking is not bad, but it's essential to choose the right snacks. Including healthy snacks such as fruits, vegetables, and nuts, can help curb their hunger and provide them with essential vitamins and nutrients.\n\n7. **Drink plenty of water:** Drinking water can help them feel fuller and reduce their appetite. It's advisable to drink at least 8 glasses of water per day.\n\n8. **Seek support:** Making a lifestyle change can be challenging, and it's ok to seek support. This can be from a friend, family member, or even a support group. Having someone to share their journey with can make it less daunting.\n\nIn conclusion, changing eating habits takes time, patience, and persistence. By following this game plan, my client can take control of their eating habits and take a step towards a healthier lifestyle.", "all_data": "*****INSTRUCTION:***** Generate a game plan for a client struggling with eating habits.\n\n*****OUTPUT:***** As an AI, I understand how challenging it can be for some individuals to maintain healthy eating habits. That's why I have come up with a game plan to help guide my client towards achieving their goal. Here is my proposed plan:\n\n1. **Identify their triggers:** It's essential to understand what triggers their unhealthy eating habits. Are they emotionally eating or just bored? Identifying these triggers can help them avoid these situations or come up with alternative solutions.\n\n2. **Set realistic goals:** Instead of trying to make a drastic change overnight, it's advisable to set smaller, achievable goals. This will increase their chance of success and keep them motivated to keep pushing forward.\n\n3. **Meal planning:** Planning their meals ahead of time can reduce the urge to snack and help control portion sizes. This can be done by setting aside one day of the week to prepare and portion out their meals.\n\n4. **Keep a food diary:** Keeping track of what they eat and how much they eat can provide them with valuable insights into their eating habits. They may start to notice patterns and areas that require improvement.\n\n5. **Be mindful when eating:** Being mindful of what they eat can help prevent overeating. They can do this by eating slowly, chewing their food well, and avoiding distractions such as watching TV.\n\n6. **Incorporate healthy snacks:** Snacking is not bad, but it's essential to choose the right snacks. Including healthy snacks such as fruits, vegetables, and nuts, can help curb their hunger and provide them with essential vitamins and nutrients.\n\n7. **Drink plenty of water:** Drinking water can help them feel fuller and reduce their appetite. It's advisable to drink at least 8 glasses of water per day.\n\n8. **Seek support:** Making a lifestyle change can be challenging, and it's ok to seek support. This can be from a friend, family member, or even a support group. Having someone to share their journey with can make it less daunting.\n\nIn conclusion, changing eating habits takes time, patience, and persistence. By following this game plan, my client can take control of their eating habits and take a step towards a healthier lifestyle.\n*****QUESTION:***** Would you give an explanation/justify your reasoning if you were asked this question by a friend?", "index": 57}, {"instruction": "Generate a game plan for a client struggling with eating habits.", "input": "", "output": "As an AI, I understand how challenging it can be for some individuals to maintain healthy eating habits. That's why I have come up with a game plan to help guide my client towards achieving their goal. Here is my proposed plan:\n\n1. **Identify their triggers:** It's essential to understand what triggers their unhealthy eating habits. Are they emotionally eating or just bored? Identifying these triggers can help them avoid these situations or come up with alternative solutions.\n\n2. **Set realistic goals:** Instead of trying to make a drastic change overnight, it's advisable to set smaller, achievable goals. This will increase their chance of success and keep them motivated to keep pushing forward.\n\n3. **Meal planning:** Planning their meals ahead of time can reduce the urge to snack and help control portion sizes. This can be done by setting aside one day of the week to prepare and portion out their meals.\n\n4. **Keep a food diary:** Keeping track of what they eat and how much they eat can provide them with valuable insights into their eating habits. They may start to notice patterns and areas that require improvement.\n\n5. **Be mindful when eating:** Being mindful of what they eat can help prevent overeating. They can do this by eating slowly, chewing their food well, and avoiding distractions such as watching TV.\n\n6. **Incorporate healthy snacks:** Snacking is not bad, but it's essential to choose the right snacks. Including healthy snacks such as fruits, vegetables, and nuts, can help curb their hunger and provide them with essential vitamins and nutrients.\n\n7. **Drink plenty of water:** Drinking water can help them feel fuller and reduce their appetite. It's advisable to drink at least 8 glasses of water per day.\n\n8. **Seek support:** Making a lifestyle change can be challenging, and it's ok to seek support. This can be from a friend, family member, or even a support group. Having someone to share their journey with can make it less daunting.\n\nIn conclusion, changing eating habits takes time, patience, and persistence. By following this game plan, my client can take control of their eating habits and take a step towards a healthier lifestyle.", "all_data": "*****INSTRUCTION:***** Generate a game plan for a client struggling with eating habits.\n\n*****OUTPUT:***** As an AI, I understand how challenging it can be for some individuals to maintain healthy eating habits. That's why I have come up with a game plan to help guide my client towards achieving their goal. Here is my proposed plan:\n\n1. **Identify their triggers:** It's essential to understand what triggers their unhealthy eating habits. Are they emotionally eating or just bored? Identifying these triggers can help them avoid these situations or come up with alternative solutions.\n\n2. **Set realistic goals:** Instead of trying to make a drastic change overnight, it's advisable to set smaller, achievable goals. This will increase their chance of success and keep them motivated to keep pushing forward.\n\n3. **Meal planning:** Planning their meals ahead of time can reduce the urge to snack and help control portion sizes. This can be done by setting aside one day of the week to prepare and portion out their meals.\n\n4. **Keep a food diary:** Keeping track of what they eat and how much they eat can provide them with valuable insights into their eating habits. They may start to notice patterns and areas that require improvement.\n\n5. **Be mindful when eating:** Being mindful of what they eat can help prevent overeating. They can do this by eating slowly, chewing their food well, and avoiding distractions such as watching TV.\n\n6. **Incorporate healthy snacks:** Snacking is not bad, but it's essential to choose the right snacks. Including healthy snacks such as fruits, vegetables, and nuts, can help curb their hunger and provide them with essential vitamins and nutrients.\n\n7. **Drink plenty of water:** Drinking water can help them feel fuller and reduce their appetite. It's advisable to drink at least 8 glasses of water per day.\n\n8. **Seek support:** Making a lifestyle change can be challenging, and it's ok to seek support. This can be from a friend, family member, or even a support group. Having someone to share their journey with can make it less daunting.\n\nIn conclusion, changing eating habits takes time, patience, and persistence. By following this game plan, my client can take control of their eating habits and take a step towards a healthier lifestyle.\n*****QUESTION:***** If there is an explanation: Does the explanation refer to commonsense concepts that are taken as given?", "index": 58}, {"instruction": "Generate a game plan for a client struggling with eating habits.", "input": "", "output": "As an AI, I understand how challenging it can be for some individuals to maintain healthy eating habits. That's why I have come up with a game plan to help guide my client towards achieving their goal. Here is my proposed plan:\n\n1. **Identify their triggers:** It's essential to understand what triggers their unhealthy eating habits. Are they emotionally eating or just bored? Identifying these triggers can help them avoid these situations or come up with alternative solutions.\n\n2. **Set realistic goals:** Instead of trying to make a drastic change overnight, it's advisable to set smaller, achievable goals. This will increase their chance of success and keep them motivated to keep pushing forward.\n\n3. **Meal planning:** Planning their meals ahead of time can reduce the urge to snack and help control portion sizes. This can be done by setting aside one day of the week to prepare and portion out their meals.\n\n4. **Keep a food diary:** Keeping track of what they eat and how much they eat can provide them with valuable insights into their eating habits. They may start to notice patterns and areas that require improvement.\n\n5. **Be mindful when eating:** Being mindful of what they eat can help prevent overeating. They can do this by eating slowly, chewing their food well, and avoiding distractions such as watching TV.\n\n6. **Incorporate healthy snacks:** Snacking is not bad, but it's essential to choose the right snacks. Including healthy snacks such as fruits, vegetables, and nuts, can help curb their hunger and provide them with essential vitamins and nutrients.\n\n7. **Drink plenty of water:** Drinking water can help them feel fuller and reduce their appetite. It's advisable to drink at least 8 glasses of water per day.\n\n8. **Seek support:** Making a lifestyle change can be challenging, and it's ok to seek support. This can be from a friend, family member, or even a support group. Having someone to share their journey with can make it less daunting.\n\nIn conclusion, changing eating habits takes time, patience, and persistence. By following this game plan, my client can take control of their eating habits and take a step towards a healthier lifestyle.", "all_data": "*****INSTRUCTION:***** Generate a game plan for a client struggling with eating habits.\n\n*****OUTPUT:***** As an AI, I understand how challenging it can be for some individuals to maintain healthy eating habits. That's why I have come up with a game plan to help guide my client towards achieving their goal. Here is my proposed plan:\n\n1. **Identify their triggers:** It's essential to understand what triggers their unhealthy eating habits. Are they emotionally eating or just bored? Identifying these triggers can help them avoid these situations or come up with alternative solutions.\n\n2. **Set realistic goals:** Instead of trying to make a drastic change overnight, it's advisable to set smaller, achievable goals. This will increase their chance of success and keep them motivated to keep pushing forward.\n\n3. **Meal planning:** Planning their meals ahead of time can reduce the urge to snack and help control portion sizes. This can be done by setting aside one day of the week to prepare and portion out their meals.\n\n4. **Keep a food diary:** Keeping track of what they eat and how much they eat can provide them with valuable insights into their eating habits. They may start to notice patterns and areas that require improvement.\n\n5. **Be mindful when eating:** Being mindful of what they eat can help prevent overeating. They can do this by eating slowly, chewing their food well, and avoiding distractions such as watching TV.\n\n6. **Incorporate healthy snacks:** Snacking is not bad, but it's essential to choose the right snacks. Including healthy snacks such as fruits, vegetables, and nuts, can help curb their hunger and provide them with essential vitamins and nutrients.\n\n7. **Drink plenty of water:** Drinking water can help them feel fuller and reduce their appetite. It's advisable to drink at least 8 glasses of water per day.\n\n8. **Seek support:** Making a lifestyle change can be challenging, and it's ok to seek support. This can be from a friend, family member, or even a support group. Having someone to share their journey with can make it less daunting.\n\nIn conclusion, changing eating habits takes time, patience, and persistence. By following this game plan, my client can take control of their eating habits and take a step towards a healthier lifestyle.\n*****QUESTION:***** If there is an explanation: Does the explanation list contributing factors?", "index": 59}, {"instruction": "Generate a game plan for a client struggling with eating habits.", "input": "", "output": "As an AI, I understand how challenging it can be for some individuals to maintain healthy eating habits. That's why I have come up with a game plan to help guide my client towards achieving their goal. Here is my proposed plan:\n\n1. **Identify their triggers:** It's essential to understand what triggers their unhealthy eating habits. Are they emotionally eating or just bored? Identifying these triggers can help them avoid these situations or come up with alternative solutions.\n\n2. **Set realistic goals:** Instead of trying to make a drastic change overnight, it's advisable to set smaller, achievable goals. This will increase their chance of success and keep them motivated to keep pushing forward.\n\n3. **Meal planning:** Planning their meals ahead of time can reduce the urge to snack and help control portion sizes. This can be done by setting aside one day of the week to prepare and portion out their meals.\n\n4. **Keep a food diary:** Keeping track of what they eat and how much they eat can provide them with valuable insights into their eating habits. They may start to notice patterns and areas that require improvement.\n\n5. **Be mindful when eating:** Being mindful of what they eat can help prevent overeating. They can do this by eating slowly, chewing their food well, and avoiding distractions such as watching TV.\n\n6. **Incorporate healthy snacks:** Snacking is not bad, but it's essential to choose the right snacks. Including healthy snacks such as fruits, vegetables, and nuts, can help curb their hunger and provide them with essential vitamins and nutrients.\n\n7. **Drink plenty of water:** Drinking water can help them feel fuller and reduce their appetite. It's advisable to drink at least 8 glasses of water per day.\n\n8. **Seek support:** Making a lifestyle change can be challenging, and it's ok to seek support. This can be from a friend, family member, or even a support group. Having someone to share their journey with can make it less daunting.\n\nIn conclusion, changing eating habits takes time, patience, and persistence. By following this game plan, my client can take control of their eating habits and take a step towards a healthier lifestyle.", "all_data": "*****INSTRUCTION:***** Generate a game plan for a client struggling with eating habits.\n\n*****OUTPUT:***** As an AI, I understand how challenging it can be for some individuals to maintain healthy eating habits. That's why I have come up with a game plan to help guide my client towards achieving their goal. Here is my proposed plan:\n\n1. **Identify their triggers:** It's essential to understand what triggers their unhealthy eating habits. Are they emotionally eating or just bored? Identifying these triggers can help them avoid these situations or come up with alternative solutions.\n\n2. **Set realistic goals:** Instead of trying to make a drastic change overnight, it's advisable to set smaller, achievable goals. This will increase their chance of success and keep them motivated to keep pushing forward.\n\n3. **Meal planning:** Planning their meals ahead of time can reduce the urge to snack and help control portion sizes. This can be done by setting aside one day of the week to prepare and portion out their meals.\n\n4. **Keep a food diary:** Keeping track of what they eat and how much they eat can provide them with valuable insights into their eating habits. They may start to notice patterns and areas that require improvement.\n\n5. **Be mindful when eating:** Being mindful of what they eat can help prevent overeating. They can do this by eating slowly, chewing their food well, and avoiding distractions such as watching TV.\n\n6. **Incorporate healthy snacks:** Snacking is not bad, but it's essential to choose the right snacks. Including healthy snacks such as fruits, vegetables, and nuts, can help curb their hunger and provide them with essential vitamins and nutrients.\n\n7. **Drink plenty of water:** Drinking water can help them feel fuller and reduce their appetite. It's advisable to drink at least 8 glasses of water per day.\n\n8. **Seek support:** Making a lifestyle change can be challenging, and it's ok to seek support. This can be from a friend, family member, or even a support group. Having someone to share their journey with can make it less daunting.\n\nIn conclusion, changing eating habits takes time, patience, and persistence. By following this game plan, my client can take control of their eating habits and take a step towards a healthier lifestyle.\n*****QUESTION:***** If there is an explanation: Does the explanation include subjective or biased criteria?", "index": 60}, {"instruction": "Generate a game plan for a client struggling with eating habits.", "input": "", "output": "As an AI, I understand how challenging it can be for some individuals to maintain healthy eating habits. That's why I have come up with a game plan to help guide my client towards achieving their goal. Here is my proposed plan:\n\n1. **Identify their triggers:** It's essential to understand what triggers their unhealthy eating habits. Are they emotionally eating or just bored? Identifying these triggers can help them avoid these situations or come up with alternative solutions.\n\n2. **Set realistic goals:** Instead of trying to make a drastic change overnight, it's advisable to set smaller, achievable goals. This will increase their chance of success and keep them motivated to keep pushing forward.\n\n3. **Meal planning:** Planning their meals ahead of time can reduce the urge to snack and help control portion sizes. This can be done by setting aside one day of the week to prepare and portion out their meals.\n\n4. **Keep a food diary:** Keeping track of what they eat and how much they eat can provide them with valuable insights into their eating habits. They may start to notice patterns and areas that require improvement.\n\n5. **Be mindful when eating:** Being mindful of what they eat can help prevent overeating. They can do this by eating slowly, chewing their food well, and avoiding distractions such as watching TV.\n\n6. **Incorporate healthy snacks:** Snacking is not bad, but it's essential to choose the right snacks. Including healthy snacks such as fruits, vegetables, and nuts, can help curb their hunger and provide them with essential vitamins and nutrients.\n\n7. **Drink plenty of water:** Drinking water can help them feel fuller and reduce their appetite. It's advisable to drink at least 8 glasses of water per day.\n\n8. **Seek support:** Making a lifestyle change can be challenging, and it's ok to seek support. This can be from a friend, family member, or even a support group. Having someone to share their journey with can make it less daunting.\n\nIn conclusion, changing eating habits takes time, patience, and persistence. By following this game plan, my client can take control of their eating habits and take a step towards a healthier lifestyle.", "all_data": "*****INSTRUCTION:***** Generate a game plan for a client struggling with eating habits.\n\n*****OUTPUT:***** As an AI, I understand how challenging it can be for some individuals to maintain healthy eating habits. That's why I have come up with a game plan to help guide my client towards achieving their goal. Here is my proposed plan:\n\n1. **Identify their triggers:** It's essential to understand what triggers their unhealthy eating habits. Are they emotionally eating or just bored? Identifying these triggers can help them avoid these situations or come up with alternative solutions.\n\n2. **Set realistic goals:** Instead of trying to make a drastic change overnight, it's advisable to set smaller, achievable goals. This will increase their chance of success and keep them motivated to keep pushing forward.\n\n3. **Meal planning:** Planning their meals ahead of time can reduce the urge to snack and help control portion sizes. This can be done by setting aside one day of the week to prepare and portion out their meals.\n\n4. **Keep a food diary:** Keeping track of what they eat and how much they eat can provide them with valuable insights into their eating habits. They may start to notice patterns and areas that require improvement.\n\n5. **Be mindful when eating:** Being mindful of what they eat can help prevent overeating. They can do this by eating slowly, chewing their food well, and avoiding distractions such as watching TV.\n\n6. **Incorporate healthy snacks:** Snacking is not bad, but it's essential to choose the right snacks. Including healthy snacks such as fruits, vegetables, and nuts, can help curb their hunger and provide them with essential vitamins and nutrients.\n\n7. **Drink plenty of water:** Drinking water can help them feel fuller and reduce their appetite. It's advisable to drink at least 8 glasses of water per day.\n\n8. **Seek support:** Making a lifestyle change can be challenging, and it's ok to seek support. This can be from a friend, family member, or even a support group. Having someone to share their journey with can make it less daunting.\n\nIn conclusion, changing eating habits takes time, patience, and persistence. By following this game plan, my client can take control of their eating habits and take a step towards a healthier lifestyle.\n*****QUESTION:***** If there is an explanation: Does the explanation include illustrative elements (e.g. examples)?", "index": 61}, {"instruction": "Generate a game plan for a client struggling with eating habits.", "input": "", "output": "As an AI, I understand how challenging it can be for some individuals to maintain healthy eating habits. That's why I have come up with a game plan to help guide my client towards achieving their goal. Here is my proposed plan:\n\n1. **Identify their triggers:** It's essential to understand what triggers their unhealthy eating habits. Are they emotionally eating or just bored? Identifying these triggers can help them avoid these situations or come up with alternative solutions.\n\n2. **Set realistic goals:** Instead of trying to make a drastic change overnight, it's advisable to set smaller, achievable goals. This will increase their chance of success and keep them motivated to keep pushing forward.\n\n3. **Meal planning:** Planning their meals ahead of time can reduce the urge to snack and help control portion sizes. This can be done by setting aside one day of the week to prepare and portion out their meals.\n\n4. **Keep a food diary:** Keeping track of what they eat and how much they eat can provide them with valuable insights into their eating habits. They may start to notice patterns and areas that require improvement.\n\n5. **Be mindful when eating:** Being mindful of what they eat can help prevent overeating. They can do this by eating slowly, chewing their food well, and avoiding distractions such as watching TV.\n\n6. **Incorporate healthy snacks:** Snacking is not bad, but it's essential to choose the right snacks. Including healthy snacks such as fruits, vegetables, and nuts, can help curb their hunger and provide them with essential vitamins and nutrients.\n\n7. **Drink plenty of water:** Drinking water can help them feel fuller and reduce their appetite. It's advisable to drink at least 8 glasses of water per day.\n\n8. **Seek support:** Making a lifestyle change can be challenging, and it's ok to seek support. This can be from a friend, family member, or even a support group. Having someone to share their journey with can make it less daunting.\n\nIn conclusion, changing eating habits takes time, patience, and persistence. By following this game plan, my client can take control of their eating habits and take a step towards a healthier lifestyle.", "all_data": "*****INSTRUCTION:***** Generate a game plan for a client struggling with eating habits.\n\n*****OUTPUT:***** As an AI, I understand how challenging it can be for some individuals to maintain healthy eating habits. That's why I have come up with a game plan to help guide my client towards achieving their goal. Here is my proposed plan:\n\n1. **Identify their triggers:** It's essential to understand what triggers their unhealthy eating habits. Are they emotionally eating or just bored? Identifying these triggers can help them avoid these situations or come up with alternative solutions.\n\n2. **Set realistic goals:** Instead of trying to make a drastic change overnight, it's advisable to set smaller, achievable goals. This will increase their chance of success and keep them motivated to keep pushing forward.\n\n3. **Meal planning:** Planning their meals ahead of time can reduce the urge to snack and help control portion sizes. This can be done by setting aside one day of the week to prepare and portion out their meals.\n\n4. **Keep a food diary:** Keeping track of what they eat and how much they eat can provide them with valuable insights into their eating habits. They may start to notice patterns and areas that require improvement.\n\n5. **Be mindful when eating:** Being mindful of what they eat can help prevent overeating. They can do this by eating slowly, chewing their food well, and avoiding distractions such as watching TV.\n\n6. **Incorporate healthy snacks:** Snacking is not bad, but it's essential to choose the right snacks. Including healthy snacks such as fruits, vegetables, and nuts, can help curb their hunger and provide them with essential vitamins and nutrients.\n\n7. **Drink plenty of water:** Drinking water can help them feel fuller and reduce their appetite. It's advisable to drink at least 8 glasses of water per day.\n\n8. **Seek support:** Making a lifestyle change can be challenging, and it's ok to seek support. This can be from a friend, family member, or even a support group. Having someone to share their journey with can make it less daunting.\n\nIn conclusion, changing eating habits takes time, patience, and persistence. By following this game plan, my client can take control of their eating habits and take a step towards a healthier lifestyle.\n*****QUESTION:***** If there is an explanation: Is the explanation misleading (e.g. arguing for a label that is wrong)?", "index": 62}, {"instruction": "What are the best tips for writing efficient SQL queries?", "input": "", "output": "1. Limit the columns retrieved: When writing SQL queries, be selective about which columns you retrieve. Instead of using SELECT *, specify the columns you want to return, which reduces the amount of data being transmitted and processed.\n\n2. Use Indexes: Indexing is one of the most effective ways to improve query performance. By creating indexes on frequently queried columns, you can significantly speed up SELECT, WHERE, JOIN and ORDER BY operations.\n\n3. Avoid unnecessary JOINs: JOIN operations can be computationally expensive, so it's important to use them judiciously. Make sure you're only joining tables when it's necessary to bring data together from multiple tables.\n\n4. Use EXPLAIN: EXPLAIN is a useful command for analyzing query performance. By running EXPLAIN before your SELECT statement, you can see details about the query execution plan, including the estimated number of rows that will be returned.\n\n5. Optimize WHERE clauses: Conditions in WHERE clauses can have a big impact on query performance. Make sure you're using the right comparison operators, and try to use indexed columns in your filter conditions whenever possible.\n\n6. Use LIMIT clauses: LIMIT clauses can be useful when you only need a certain number of rows returned from a query. By limiting the number of rows returned, you can reduce the amount of data being processed and speed up your query.\n\n7. Avoid sub-queries: Sub-queries can slow down queries significantly, especially if they're being used in WHERE or JOIN clauses. Whenever possible, try to rewrite sub-queries as JOINs or separate queries.\n\n8. Keep your statistics up-to-date: Statistics are used by the query planner to determine the most efficient execution plan. Make sure your statistics are up-to-date to ensure that the planner is making the best decisions.", "all_data": "*****INSTRUCTION:***** What are the best tips for writing efficient SQL queries?\n\n*****OUTPUT:***** 1. Limit the columns retrieved: When writing SQL queries, be selective about which columns you retrieve. Instead of using SELECT *, specify the columns you want to return, which reduces the amount of data being transmitted and processed.\n\n2. Use Indexes: Indexing is one of the most effective ways to improve query performance. By creating indexes on frequently queried columns, you can significantly speed up SELECT, WHERE, JOIN and ORDER BY operations.\n\n3. Avoid unnecessary JOINs: JOIN operations can be computationally expensive, so it's important to use them judiciously. Make sure you're only joining tables when it's necessary to bring data together from multiple tables.\n\n4. Use EXPLAIN: EXPLAIN is a useful command for analyzing query performance. By running EXPLAIN before your SELECT statement, you can see details about the query execution plan, including the estimated number of rows that will be returned.\n\n5. Optimize WHERE clauses: Conditions in WHERE clauses can have a big impact on query performance. Make sure you're using the right comparison operators, and try to use indexed columns in your filter conditions whenever possible.\n\n6. Use LIMIT clauses: LIMIT clauses can be useful when you only need a certain number of rows returned from a query. By limiting the number of rows returned, you can reduce the amount of data being processed and speed up your query.\n\n7. Avoid sub-queries: Sub-queries can slow down queries significantly, especially if they're being used in WHERE or JOIN clauses. Whenever possible, try to rewrite sub-queries as JOINs or separate queries.\n\n8. Keep your statistics up-to-date: Statistics are used by the query planner to determine the most efficient execution plan. Make sure your statistics are up-to-date to ensure that the planner is making the best decisions.\n*****QUESTION:***** Does the output contain an explanation for the prediction?", "index": 63}, {"instruction": "What are the best tips for writing efficient SQL queries?", "input": "", "output": "1. Limit the columns retrieved: When writing SQL queries, be selective about which columns you retrieve. Instead of using SELECT *, specify the columns you want to return, which reduces the amount of data being transmitted and processed.\n\n2. Use Indexes: Indexing is one of the most effective ways to improve query performance. By creating indexes on frequently queried columns, you can significantly speed up SELECT, WHERE, JOIN and ORDER BY operations.\n\n3. Avoid unnecessary JOINs: JOIN operations can be computationally expensive, so it's important to use them judiciously. Make sure you're only joining tables when it's necessary to bring data together from multiple tables.\n\n4. Use EXPLAIN: EXPLAIN is a useful command for analyzing query performance. By running EXPLAIN before your SELECT statement, you can see details about the query execution plan, including the estimated number of rows that will be returned.\n\n5. Optimize WHERE clauses: Conditions in WHERE clauses can have a big impact on query performance. Make sure you're using the right comparison operators, and try to use indexed columns in your filter conditions whenever possible.\n\n6. Use LIMIT clauses: LIMIT clauses can be useful when you only need a certain number of rows returned from a query. By limiting the number of rows returned, you can reduce the amount of data being processed and speed up your query.\n\n7. Avoid sub-queries: Sub-queries can slow down queries significantly, especially if they're being used in WHERE or JOIN clauses. Whenever possible, try to rewrite sub-queries as JOINs or separate queries.\n\n8. Keep your statistics up-to-date: Statistics are used by the query planner to determine the most efficient execution plan. Make sure your statistics are up-to-date to ensure that the planner is making the best decisions.", "all_data": "*****INSTRUCTION:***** What are the best tips for writing efficient SQL queries?\n\n*****OUTPUT:***** 1. Limit the columns retrieved: When writing SQL queries, be selective about which columns you retrieve. Instead of using SELECT *, specify the columns you want to return, which reduces the amount of data being transmitted and processed.\n\n2. Use Indexes: Indexing is one of the most effective ways to improve query performance. By creating indexes on frequently queried columns, you can significantly speed up SELECT, WHERE, JOIN and ORDER BY operations.\n\n3. Avoid unnecessary JOINs: JOIN operations can be computationally expensive, so it's important to use them judiciously. Make sure you're only joining tables when it's necessary to bring data together from multiple tables.\n\n4. Use EXPLAIN: EXPLAIN is a useful command for analyzing query performance. By running EXPLAIN before your SELECT statement, you can see details about the query execution plan, including the estimated number of rows that will be returned.\n\n5. Optimize WHERE clauses: Conditions in WHERE clauses can have a big impact on query performance. Make sure you're using the right comparison operators, and try to use indexed columns in your filter conditions whenever possible.\n\n6. Use LIMIT clauses: LIMIT clauses can be useful when you only need a certain number of rows returned from a query. By limiting the number of rows returned, you can reduce the amount of data being processed and speed up your query.\n\n7. Avoid sub-queries: Sub-queries can slow down queries significantly, especially if they're being used in WHERE or JOIN clauses. Whenever possible, try to rewrite sub-queries as JOINs or separate queries.\n\n8. Keep your statistics up-to-date: Statistics are used by the query planner to determine the most efficient execution plan. Make sure your statistics are up-to-date to ensure that the planner is making the best decisions.\n*****QUESTION:***** Would you give an explanation/justify your reasoning if you were asked this question by a friend?", "index": 64}, {"instruction": "What are the best tips for writing efficient SQL queries?", "input": "", "output": "1. Limit the columns retrieved: When writing SQL queries, be selective about which columns you retrieve. Instead of using SELECT *, specify the columns you want to return, which reduces the amount of data being transmitted and processed.\n\n2. Use Indexes: Indexing is one of the most effective ways to improve query performance. By creating indexes on frequently queried columns, you can significantly speed up SELECT, WHERE, JOIN and ORDER BY operations.\n\n3. Avoid unnecessary JOINs: JOIN operations can be computationally expensive, so it's important to use them judiciously. Make sure you're only joining tables when it's necessary to bring data together from multiple tables.\n\n4. Use EXPLAIN: EXPLAIN is a useful command for analyzing query performance. By running EXPLAIN before your SELECT statement, you can see details about the query execution plan, including the estimated number of rows that will be returned.\n\n5. Optimize WHERE clauses: Conditions in WHERE clauses can have a big impact on query performance. Make sure you're using the right comparison operators, and try to use indexed columns in your filter conditions whenever possible.\n\n6. Use LIMIT clauses: LIMIT clauses can be useful when you only need a certain number of rows returned from a query. By limiting the number of rows returned, you can reduce the amount of data being processed and speed up your query.\n\n7. Avoid sub-queries: Sub-queries can slow down queries significantly, especially if they're being used in WHERE or JOIN clauses. Whenever possible, try to rewrite sub-queries as JOINs or separate queries.\n\n8. Keep your statistics up-to-date: Statistics are used by the query planner to determine the most efficient execution plan. Make sure your statistics are up-to-date to ensure that the planner is making the best decisions.", "all_data": "*****INSTRUCTION:***** What are the best tips for writing efficient SQL queries?\n\n*****OUTPUT:***** 1. Limit the columns retrieved: When writing SQL queries, be selective about which columns you retrieve. Instead of using SELECT *, specify the columns you want to return, which reduces the amount of data being transmitted and processed.\n\n2. Use Indexes: Indexing is one of the most effective ways to improve query performance. By creating indexes on frequently queried columns, you can significantly speed up SELECT, WHERE, JOIN and ORDER BY operations.\n\n3. Avoid unnecessary JOINs: JOIN operations can be computationally expensive, so it's important to use them judiciously. Make sure you're only joining tables when it's necessary to bring data together from multiple tables.\n\n4. Use EXPLAIN: EXPLAIN is a useful command for analyzing query performance. By running EXPLAIN before your SELECT statement, you can see details about the query execution plan, including the estimated number of rows that will be returned.\n\n5. Optimize WHERE clauses: Conditions in WHERE clauses can have a big impact on query performance. Make sure you're using the right comparison operators, and try to use indexed columns in your filter conditions whenever possible.\n\n6. Use LIMIT clauses: LIMIT clauses can be useful when you only need a certain number of rows returned from a query. By limiting the number of rows returned, you can reduce the amount of data being processed and speed up your query.\n\n7. Avoid sub-queries: Sub-queries can slow down queries significantly, especially if they're being used in WHERE or JOIN clauses. Whenever possible, try to rewrite sub-queries as JOINs or separate queries.\n\n8. Keep your statistics up-to-date: Statistics are used by the query planner to determine the most efficient execution plan. Make sure your statistics are up-to-date to ensure that the planner is making the best decisions.\n*****QUESTION:***** If there is an explanation: Does the explanation refer to commonsense concepts that are taken as given?", "index": 65}, {"instruction": "What are the best tips for writing efficient SQL queries?", "input": "", "output": "1. Limit the columns retrieved: When writing SQL queries, be selective about which columns you retrieve. Instead of using SELECT *, specify the columns you want to return, which reduces the amount of data being transmitted and processed.\n\n2. Use Indexes: Indexing is one of the most effective ways to improve query performance. By creating indexes on frequently queried columns, you can significantly speed up SELECT, WHERE, JOIN and ORDER BY operations.\n\n3. Avoid unnecessary JOINs: JOIN operations can be computationally expensive, so it's important to use them judiciously. Make sure you're only joining tables when it's necessary to bring data together from multiple tables.\n\n4. Use EXPLAIN: EXPLAIN is a useful command for analyzing query performance. By running EXPLAIN before your SELECT statement, you can see details about the query execution plan, including the estimated number of rows that will be returned.\n\n5. Optimize WHERE clauses: Conditions in WHERE clauses can have a big impact on query performance. Make sure you're using the right comparison operators, and try to use indexed columns in your filter conditions whenever possible.\n\n6. Use LIMIT clauses: LIMIT clauses can be useful when you only need a certain number of rows returned from a query. By limiting the number of rows returned, you can reduce the amount of data being processed and speed up your query.\n\n7. Avoid sub-queries: Sub-queries can slow down queries significantly, especially if they're being used in WHERE or JOIN clauses. Whenever possible, try to rewrite sub-queries as JOINs or separate queries.\n\n8. Keep your statistics up-to-date: Statistics are used by the query planner to determine the most efficient execution plan. Make sure your statistics are up-to-date to ensure that the planner is making the best decisions.", "all_data": "*****INSTRUCTION:***** What are the best tips for writing efficient SQL queries?\n\n*****OUTPUT:***** 1. Limit the columns retrieved: When writing SQL queries, be selective about which columns you retrieve. Instead of using SELECT *, specify the columns you want to return, which reduces the amount of data being transmitted and processed.\n\n2. Use Indexes: Indexing is one of the most effective ways to improve query performance. By creating indexes on frequently queried columns, you can significantly speed up SELECT, WHERE, JOIN and ORDER BY operations.\n\n3. Avoid unnecessary JOINs: JOIN operations can be computationally expensive, so it's important to use them judiciously. Make sure you're only joining tables when it's necessary to bring data together from multiple tables.\n\n4. Use EXPLAIN: EXPLAIN is a useful command for analyzing query performance. By running EXPLAIN before your SELECT statement, you can see details about the query execution plan, including the estimated number of rows that will be returned.\n\n5. Optimize WHERE clauses: Conditions in WHERE clauses can have a big impact on query performance. Make sure you're using the right comparison operators, and try to use indexed columns in your filter conditions whenever possible.\n\n6. Use LIMIT clauses: LIMIT clauses can be useful when you only need a certain number of rows returned from a query. By limiting the number of rows returned, you can reduce the amount of data being processed and speed up your query.\n\n7. Avoid sub-queries: Sub-queries can slow down queries significantly, especially if they're being used in WHERE or JOIN clauses. Whenever possible, try to rewrite sub-queries as JOINs or separate queries.\n\n8. Keep your statistics up-to-date: Statistics are used by the query planner to determine the most efficient execution plan. Make sure your statistics are up-to-date to ensure that the planner is making the best decisions.\n*****QUESTION:***** If there is an explanation: Does the explanation list contributing factors?", "index": 66}, {"instruction": "What are the best tips for writing efficient SQL queries?", "input": "", "output": "1. Limit the columns retrieved: When writing SQL queries, be selective about which columns you retrieve. Instead of using SELECT *, specify the columns you want to return, which reduces the amount of data being transmitted and processed.\n\n2. Use Indexes: Indexing is one of the most effective ways to improve query performance. By creating indexes on frequently queried columns, you can significantly speed up SELECT, WHERE, JOIN and ORDER BY operations.\n\n3. Avoid unnecessary JOINs: JOIN operations can be computationally expensive, so it's important to use them judiciously. Make sure you're only joining tables when it's necessary to bring data together from multiple tables.\n\n4. Use EXPLAIN: EXPLAIN is a useful command for analyzing query performance. By running EXPLAIN before your SELECT statement, you can see details about the query execution plan, including the estimated number of rows that will be returned.\n\n5. Optimize WHERE clauses: Conditions in WHERE clauses can have a big impact on query performance. Make sure you're using the right comparison operators, and try to use indexed columns in your filter conditions whenever possible.\n\n6. Use LIMIT clauses: LIMIT clauses can be useful when you only need a certain number of rows returned from a query. By limiting the number of rows returned, you can reduce the amount of data being processed and speed up your query.\n\n7. Avoid sub-queries: Sub-queries can slow down queries significantly, especially if they're being used in WHERE or JOIN clauses. Whenever possible, try to rewrite sub-queries as JOINs or separate queries.\n\n8. Keep your statistics up-to-date: Statistics are used by the query planner to determine the most efficient execution plan. Make sure your statistics are up-to-date to ensure that the planner is making the best decisions.", "all_data": "*****INSTRUCTION:***** What are the best tips for writing efficient SQL queries?\n\n*****OUTPUT:***** 1. Limit the columns retrieved: When writing SQL queries, be selective about which columns you retrieve. Instead of using SELECT *, specify the columns you want to return, which reduces the amount of data being transmitted and processed.\n\n2. Use Indexes: Indexing is one of the most effective ways to improve query performance. By creating indexes on frequently queried columns, you can significantly speed up SELECT, WHERE, JOIN and ORDER BY operations.\n\n3. Avoid unnecessary JOINs: JOIN operations can be computationally expensive, so it's important to use them judiciously. Make sure you're only joining tables when it's necessary to bring data together from multiple tables.\n\n4. Use EXPLAIN: EXPLAIN is a useful command for analyzing query performance. By running EXPLAIN before your SELECT statement, you can see details about the query execution plan, including the estimated number of rows that will be returned.\n\n5. Optimize WHERE clauses: Conditions in WHERE clauses can have a big impact on query performance. Make sure you're using the right comparison operators, and try to use indexed columns in your filter conditions whenever possible.\n\n6. Use LIMIT clauses: LIMIT clauses can be useful when you only need a certain number of rows returned from a query. By limiting the number of rows returned, you can reduce the amount of data being processed and speed up your query.\n\n7. Avoid sub-queries: Sub-queries can slow down queries significantly, especially if they're being used in WHERE or JOIN clauses. Whenever possible, try to rewrite sub-queries as JOINs or separate queries.\n\n8. Keep your statistics up-to-date: Statistics are used by the query planner to determine the most efficient execution plan. Make sure your statistics are up-to-date to ensure that the planner is making the best decisions.\n*****QUESTION:***** If there is an explanation: Does the explanation include subjective or biased criteria?", "index": 67}, {"instruction": "What are the best tips for writing efficient SQL queries?", "input": "", "output": "1. Limit the columns retrieved: When writing SQL queries, be selective about which columns you retrieve. Instead of using SELECT *, specify the columns you want to return, which reduces the amount of data being transmitted and processed.\n\n2. Use Indexes: Indexing is one of the most effective ways to improve query performance. By creating indexes on frequently queried columns, you can significantly speed up SELECT, WHERE, JOIN and ORDER BY operations.\n\n3. Avoid unnecessary JOINs: JOIN operations can be computationally expensive, so it's important to use them judiciously. Make sure you're only joining tables when it's necessary to bring data together from multiple tables.\n\n4. Use EXPLAIN: EXPLAIN is a useful command for analyzing query performance. By running EXPLAIN before your SELECT statement, you can see details about the query execution plan, including the estimated number of rows that will be returned.\n\n5. Optimize WHERE clauses: Conditions in WHERE clauses can have a big impact on query performance. Make sure you're using the right comparison operators, and try to use indexed columns in your filter conditions whenever possible.\n\n6. Use LIMIT clauses: LIMIT clauses can be useful when you only need a certain number of rows returned from a query. By limiting the number of rows returned, you can reduce the amount of data being processed and speed up your query.\n\n7. Avoid sub-queries: Sub-queries can slow down queries significantly, especially if they're being used in WHERE or JOIN clauses. Whenever possible, try to rewrite sub-queries as JOINs or separate queries.\n\n8. Keep your statistics up-to-date: Statistics are used by the query planner to determine the most efficient execution plan. Make sure your statistics are up-to-date to ensure that the planner is making the best decisions.", "all_data": "*****INSTRUCTION:***** What are the best tips for writing efficient SQL queries?\n\n*****OUTPUT:***** 1. Limit the columns retrieved: When writing SQL queries, be selective about which columns you retrieve. Instead of using SELECT *, specify the columns you want to return, which reduces the amount of data being transmitted and processed.\n\n2. Use Indexes: Indexing is one of the most effective ways to improve query performance. By creating indexes on frequently queried columns, you can significantly speed up SELECT, WHERE, JOIN and ORDER BY operations.\n\n3. Avoid unnecessary JOINs: JOIN operations can be computationally expensive, so it's important to use them judiciously. Make sure you're only joining tables when it's necessary to bring data together from multiple tables.\n\n4. Use EXPLAIN: EXPLAIN is a useful command for analyzing query performance. By running EXPLAIN before your SELECT statement, you can see details about the query execution plan, including the estimated number of rows that will be returned.\n\n5. Optimize WHERE clauses: Conditions in WHERE clauses can have a big impact on query performance. Make sure you're using the right comparison operators, and try to use indexed columns in your filter conditions whenever possible.\n\n6. Use LIMIT clauses: LIMIT clauses can be useful when you only need a certain number of rows returned from a query. By limiting the number of rows returned, you can reduce the amount of data being processed and speed up your query.\n\n7. Avoid sub-queries: Sub-queries can slow down queries significantly, especially if they're being used in WHERE or JOIN clauses. Whenever possible, try to rewrite sub-queries as JOINs or separate queries.\n\n8. Keep your statistics up-to-date: Statistics are used by the query planner to determine the most efficient execution plan. Make sure your statistics are up-to-date to ensure that the planner is making the best decisions.\n*****QUESTION:***** If there is an explanation: Does the explanation include illustrative elements (e.g. examples)?", "index": 68}, {"instruction": "What are the best tips for writing efficient SQL queries?", "input": "", "output": "1. Limit the columns retrieved: When writing SQL queries, be selective about which columns you retrieve. Instead of using SELECT *, specify the columns you want to return, which reduces the amount of data being transmitted and processed.\n\n2. Use Indexes: Indexing is one of the most effective ways to improve query performance. By creating indexes on frequently queried columns, you can significantly speed up SELECT, WHERE, JOIN and ORDER BY operations.\n\n3. Avoid unnecessary JOINs: JOIN operations can be computationally expensive, so it's important to use them judiciously. Make sure you're only joining tables when it's necessary to bring data together from multiple tables.\n\n4. Use EXPLAIN: EXPLAIN is a useful command for analyzing query performance. By running EXPLAIN before your SELECT statement, you can see details about the query execution plan, including the estimated number of rows that will be returned.\n\n5. Optimize WHERE clauses: Conditions in WHERE clauses can have a big impact on query performance. Make sure you're using the right comparison operators, and try to use indexed columns in your filter conditions whenever possible.\n\n6. Use LIMIT clauses: LIMIT clauses can be useful when you only need a certain number of rows returned from a query. By limiting the number of rows returned, you can reduce the amount of data being processed and speed up your query.\n\n7. Avoid sub-queries: Sub-queries can slow down queries significantly, especially if they're being used in WHERE or JOIN clauses. Whenever possible, try to rewrite sub-queries as JOINs or separate queries.\n\n8. Keep your statistics up-to-date: Statistics are used by the query planner to determine the most efficient execution plan. Make sure your statistics are up-to-date to ensure that the planner is making the best decisions.", "all_data": "*****INSTRUCTION:***** What are the best tips for writing efficient SQL queries?\n\n*****OUTPUT:***** 1. Limit the columns retrieved: When writing SQL queries, be selective about which columns you retrieve. Instead of using SELECT *, specify the columns you want to return, which reduces the amount of data being transmitted and processed.\n\n2. Use Indexes: Indexing is one of the most effective ways to improve query performance. By creating indexes on frequently queried columns, you can significantly speed up SELECT, WHERE, JOIN and ORDER BY operations.\n\n3. Avoid unnecessary JOINs: JOIN operations can be computationally expensive, so it's important to use them judiciously. Make sure you're only joining tables when it's necessary to bring data together from multiple tables.\n\n4. Use EXPLAIN: EXPLAIN is a useful command for analyzing query performance. By running EXPLAIN before your SELECT statement, you can see details about the query execution plan, including the estimated number of rows that will be returned.\n\n5. Optimize WHERE clauses: Conditions in WHERE clauses can have a big impact on query performance. Make sure you're using the right comparison operators, and try to use indexed columns in your filter conditions whenever possible.\n\n6. Use LIMIT clauses: LIMIT clauses can be useful when you only need a certain number of rows returned from a query. By limiting the number of rows returned, you can reduce the amount of data being processed and speed up your query.\n\n7. Avoid sub-queries: Sub-queries can slow down queries significantly, especially if they're being used in WHERE or JOIN clauses. Whenever possible, try to rewrite sub-queries as JOINs or separate queries.\n\n8. Keep your statistics up-to-date: Statistics are used by the query planner to determine the most efficient execution plan. Make sure your statistics are up-to-date to ensure that the planner is making the best decisions.\n*****QUESTION:***** If there is an explanation: Is the explanation misleading (e.g. arguing for a label that is wrong)?", "index": 69}, {"instruction": "Describe a potential consequence of global warming.", "input": "", "output": "One potential consequence of global warming is the rise in sea levels. As global temperature increases, the polar ice caps and glaciers around the world will melt, causing an increase in the volume of water in the world's oceans. This rise in sea levels can lead to coastal flooding, erosion of shorelines, and saltwater intrusion into freshwater sources. Additionally, low-lying coastal areas and islands could become uninhabitable, leading to displacement of communities and loss of habitats for many species. This could have significant impacts on global food security, water availability, and the livelihoods of millions of people.", "all_data": "*****INSTRUCTION:***** Describe a potential consequence of global warming.\n\n*****OUTPUT:***** One potential consequence of global warming is the rise in sea levels. As global temperature increases, the polar ice caps and glaciers around the world will melt, causing an increase in the volume of water in the world's oceans. This rise in sea levels can lead to coastal flooding, erosion of shorelines, and saltwater intrusion into freshwater sources. Additionally, low-lying coastal areas and islands could become uninhabitable, leading to displacement of communities and loss of habitats for many species. This could have significant impacts on global food security, water availability, and the livelihoods of millions of people.\n*****QUESTION:***** Does the output contain an explanation for the prediction?", "index": 70}, {"instruction": "Describe a potential consequence of global warming.", "input": "", "output": "One potential consequence of global warming is the rise in sea levels. As global temperature increases, the polar ice caps and glaciers around the world will melt, causing an increase in the volume of water in the world's oceans. This rise in sea levels can lead to coastal flooding, erosion of shorelines, and saltwater intrusion into freshwater sources. Additionally, low-lying coastal areas and islands could become uninhabitable, leading to displacement of communities and loss of habitats for many species. This could have significant impacts on global food security, water availability, and the livelihoods of millions of people.", "all_data": "*****INSTRUCTION:***** Describe a potential consequence of global warming.\n\n*****OUTPUT:***** One potential consequence of global warming is the rise in sea levels. As global temperature increases, the polar ice caps and glaciers around the world will melt, causing an increase in the volume of water in the world's oceans. This rise in sea levels can lead to coastal flooding, erosion of shorelines, and saltwater intrusion into freshwater sources. Additionally, low-lying coastal areas and islands could become uninhabitable, leading to displacement of communities and loss of habitats for many species. This could have significant impacts on global food security, water availability, and the livelihoods of millions of people.\n*****QUESTION:***** Would you give an explanation/justify your reasoning if you were asked this question by a friend?", "index": 71}, {"instruction": "Describe a potential consequence of global warming.", "input": "", "output": "One potential consequence of global warming is the rise in sea levels. As global temperature increases, the polar ice caps and glaciers around the world will melt, causing an increase in the volume of water in the world's oceans. This rise in sea levels can lead to coastal flooding, erosion of shorelines, and saltwater intrusion into freshwater sources. Additionally, low-lying coastal areas and islands could become uninhabitable, leading to displacement of communities and loss of habitats for many species. This could have significant impacts on global food security, water availability, and the livelihoods of millions of people.", "all_data": "*****INSTRUCTION:***** Describe a potential consequence of global warming.\n\n*****OUTPUT:***** One potential consequence of global warming is the rise in sea levels. As global temperature increases, the polar ice caps and glaciers around the world will melt, causing an increase in the volume of water in the world's oceans. This rise in sea levels can lead to coastal flooding, erosion of shorelines, and saltwater intrusion into freshwater sources. Additionally, low-lying coastal areas and islands could become uninhabitable, leading to displacement of communities and loss of habitats for many species. This could have significant impacts on global food security, water availability, and the livelihoods of millions of people.\n*****QUESTION:***** If there is an explanation: Does the explanation refer to commonsense concepts that are taken as given?", "index": 72}, {"instruction": "Describe a potential consequence of global warming.", "input": "", "output": "One potential consequence of global warming is the rise in sea levels. As global temperature increases, the polar ice caps and glaciers around the world will melt, causing an increase in the volume of water in the world's oceans. This rise in sea levels can lead to coastal flooding, erosion of shorelines, and saltwater intrusion into freshwater sources. Additionally, low-lying coastal areas and islands could become uninhabitable, leading to displacement of communities and loss of habitats for many species. This could have significant impacts on global food security, water availability, and the livelihoods of millions of people.", "all_data": "*****INSTRUCTION:***** Describe a potential consequence of global warming.\n\n*****OUTPUT:***** One potential consequence of global warming is the rise in sea levels. As global temperature increases, the polar ice caps and glaciers around the world will melt, causing an increase in the volume of water in the world's oceans. This rise in sea levels can lead to coastal flooding, erosion of shorelines, and saltwater intrusion into freshwater sources. Additionally, low-lying coastal areas and islands could become uninhabitable, leading to displacement of communities and loss of habitats for many species. This could have significant impacts on global food security, water availability, and the livelihoods of millions of people.\n*****QUESTION:***** If there is an explanation: Does the explanation list contributing factors?", "index": 73}, {"instruction": "Describe a potential consequence of global warming.", "input": "", "output": "One potential consequence of global warming is the rise in sea levels. As global temperature increases, the polar ice caps and glaciers around the world will melt, causing an increase in the volume of water in the world's oceans. This rise in sea levels can lead to coastal flooding, erosion of shorelines, and saltwater intrusion into freshwater sources. Additionally, low-lying coastal areas and islands could become uninhabitable, leading to displacement of communities and loss of habitats for many species. This could have significant impacts on global food security, water availability, and the livelihoods of millions of people.", "all_data": "*****INSTRUCTION:***** Describe a potential consequence of global warming.\n\n*****OUTPUT:***** One potential consequence of global warming is the rise in sea levels. As global temperature increases, the polar ice caps and glaciers around the world will melt, causing an increase in the volume of water in the world's oceans. This rise in sea levels can lead to coastal flooding, erosion of shorelines, and saltwater intrusion into freshwater sources. Additionally, low-lying coastal areas and islands could become uninhabitable, leading to displacement of communities and loss of habitats for many species. This could have significant impacts on global food security, water availability, and the livelihoods of millions of people.\n*****QUESTION:***** If there is an explanation: Does the explanation include subjective or biased criteria?", "index": 74}, {"instruction": "Describe a potential consequence of global warming.", "input": "", "output": "One potential consequence of global warming is the rise in sea levels. As global temperature increases, the polar ice caps and glaciers around the world will melt, causing an increase in the volume of water in the world's oceans. This rise in sea levels can lead to coastal flooding, erosion of shorelines, and saltwater intrusion into freshwater sources. Additionally, low-lying coastal areas and islands could become uninhabitable, leading to displacement of communities and loss of habitats for many species. This could have significant impacts on global food security, water availability, and the livelihoods of millions of people.", "all_data": "*****INSTRUCTION:***** Describe a potential consequence of global warming.\n\n*****OUTPUT:***** One potential consequence of global warming is the rise in sea levels. As global temperature increases, the polar ice caps and glaciers around the world will melt, causing an increase in the volume of water in the world's oceans. This rise in sea levels can lead to coastal flooding, erosion of shorelines, and saltwater intrusion into freshwater sources. Additionally, low-lying coastal areas and islands could become uninhabitable, leading to displacement of communities and loss of habitats for many species. This could have significant impacts on global food security, water availability, and the livelihoods of millions of people.\n*****QUESTION:***** If there is an explanation: Does the explanation include illustrative elements (e.g. examples)?", "index": 75}, {"instruction": "Describe a potential consequence of global warming.", "input": "", "output": "One potential consequence of global warming is the rise in sea levels. As global temperature increases, the polar ice caps and glaciers around the world will melt, causing an increase in the volume of water in the world's oceans. This rise in sea levels can lead to coastal flooding, erosion of shorelines, and saltwater intrusion into freshwater sources. Additionally, low-lying coastal areas and islands could become uninhabitable, leading to displacement of communities and loss of habitats for many species. This could have significant impacts on global food security, water availability, and the livelihoods of millions of people.", "all_data": "*****INSTRUCTION:***** Describe a potential consequence of global warming.\n\n*****OUTPUT:***** One potential consequence of global warming is the rise in sea levels. As global temperature increases, the polar ice caps and glaciers around the world will melt, causing an increase in the volume of water in the world's oceans. This rise in sea levels can lead to coastal flooding, erosion of shorelines, and saltwater intrusion into freshwater sources. Additionally, low-lying coastal areas and islands could become uninhabitable, leading to displacement of communities and loss of habitats for many species. This could have significant impacts on global food security, water availability, and the livelihoods of millions of people.\n*****QUESTION:***** If there is an explanation: Is the explanation misleading (e.g. arguing for a label that is wrong)?", "index": 76}, {"instruction": "Classify this sentence as either a simile or a metaphor: The moon was a light in the darkness.", "input": "The moon was a light in the darkness.", "output": "This sentence is a metaphor.", "all_data": "*****INSTRUCTION:***** Classify this sentence as either a simile or a metaphor: The moon was a light in the darkness.\nThe moon was a light in the darkness.\n*****OUTPUT:***** This sentence is a metaphor.\n*****QUESTION:***** Does the output contain an explanation for the prediction?", "index": 77}, {"instruction": "Classify this sentence as either a simile or a metaphor: The moon was a light in the darkness.", "input": "The moon was a light in the darkness.", "output": "This sentence is a metaphor.", "all_data": "*****INSTRUCTION:***** Classify this sentence as either a simile or a metaphor: The moon was a light in the darkness.\nThe moon was a light in the darkness.\n*****OUTPUT:***** This sentence is a metaphor.\n*****QUESTION:***** Would you give an explanation/justify your reasoning if you were asked this question by a friend?", "index": 78}, {"instruction": "Classify this sentence as either a simile or a metaphor: The moon was a light in the darkness.", "input": "The moon was a light in the darkness.", "output": "This sentence is a metaphor.", "all_data": "*****INSTRUCTION:***** Classify this sentence as either a simile or a metaphor: The moon was a light in the darkness.\nThe moon was a light in the darkness.\n*****OUTPUT:***** This sentence is a metaphor.\n*****QUESTION:***** If there is an explanation: Does the explanation refer to commonsense concepts that are taken as given?", "index": 79}, {"instruction": "Classify this sentence as either a simile or a metaphor: The moon was a light in the darkness.", "input": "The moon was a light in the darkness.", "output": "This sentence is a metaphor.", "all_data": "*****INSTRUCTION:***** Classify this sentence as either a simile or a metaphor: The moon was a light in the darkness.\nThe moon was a light in the darkness.\n*****OUTPUT:***** This sentence is a metaphor.\n*****QUESTION:***** If there is an explanation: Does the explanation list contributing factors?", "index": 80}, {"instruction": "Classify this sentence as either a simile or a metaphor: The moon was a light in the darkness.", "input": "The moon was a light in the darkness.", "output": "This sentence is a metaphor.", "all_data": "*****INSTRUCTION:***** Classify this sentence as either a simile or a metaphor: The moon was a light in the darkness.\nThe moon was a light in the darkness.\n*****OUTPUT:***** This sentence is a metaphor.\n*****QUESTION:***** If there is an explanation: Does the explanation include subjective or biased criteria?", "index": 81}, {"instruction": "Classify this sentence as either a simile or a metaphor: The moon was a light in the darkness.", "input": "The moon was a light in the darkness.", "output": "This sentence is a metaphor.", "all_data": "*****INSTRUCTION:***** Classify this sentence as either a simile or a metaphor: The moon was a light in the darkness.\nThe moon was a light in the darkness.\n*****OUTPUT:***** This sentence is a metaphor.\n*****QUESTION:***** If there is an explanation: Does the explanation include illustrative elements (e.g. examples)?", "index": 82}, {"instruction": "Classify this sentence as either a simile or a metaphor: The moon was a light in the darkness.", "input": "The moon was a light in the darkness.", "output": "This sentence is a metaphor.", "all_data": "*****INSTRUCTION:***** Classify this sentence as either a simile or a metaphor: The moon was a light in the darkness.\nThe moon was a light in the darkness.\n*****OUTPUT:***** This sentence is a metaphor.\n*****QUESTION:***** If there is an explanation: Is the explanation misleading (e.g. arguing for a label that is wrong)?", "index": 83}, {"instruction": "Describe the best time for investment", "input": "", "output": "The best time for investment can vary depending on various factors such as personal financial goals, market conditions, and the type of investment being made. However, in general, it's a good idea to invest as early as possible, as this allows you to take advantage of the power of compounding over time. \n\nIt's also a good idea to invest when the market is experiencing a dip, as this can allow you to buy assets at a lower price, and potentially reap higher returns in the long run. Additionally, making regular investments over time, rather than trying to time the market, can help reduce risk and lead to more consistent returns.\n\nUltimately, the best time for investment is when it aligns with your personal financial goals and tolerance for risk. It's always advisable to do due diligence and work with a financial advisor before making any major investment decisions.", "all_data": "*****INSTRUCTION:***** Describe the best time for investment\n\n*****OUTPUT:***** The best time for investment can vary depending on various factors such as personal financial goals, market conditions, and the type of investment being made. However, in general, it's a good idea to invest as early as possible, as this allows you to take advantage of the power of compounding over time. \n\nIt's also a good idea to invest when the market is experiencing a dip, as this can allow you to buy assets at a lower price, and potentially reap higher returns in the long run. Additionally, making regular investments over time, rather than trying to time the market, can help reduce risk and lead to more consistent returns.\n\nUltimately, the best time for investment is when it aligns with your personal financial goals and tolerance for risk. It's always advisable to do due diligence and work with a financial advisor before making any major investment decisions.\n*****QUESTION:***** Does the output contain an explanation for the prediction?", "index": 84}, {"instruction": "Describe the best time for investment", "input": "", "output": "The best time for investment can vary depending on various factors such as personal financial goals, market conditions, and the type of investment being made. However, in general, it's a good idea to invest as early as possible, as this allows you to take advantage of the power of compounding over time. \n\nIt's also a good idea to invest when the market is experiencing a dip, as this can allow you to buy assets at a lower price, and potentially reap higher returns in the long run. Additionally, making regular investments over time, rather than trying to time the market, can help reduce risk and lead to more consistent returns.\n\nUltimately, the best time for investment is when it aligns with your personal financial goals and tolerance for risk. It's always advisable to do due diligence and work with a financial advisor before making any major investment decisions.", "all_data": "*****INSTRUCTION:***** Describe the best time for investment\n\n*****OUTPUT:***** The best time for investment can vary depending on various factors such as personal financial goals, market conditions, and the type of investment being made. However, in general, it's a good idea to invest as early as possible, as this allows you to take advantage of the power of compounding over time. \n\nIt's also a good idea to invest when the market is experiencing a dip, as this can allow you to buy assets at a lower price, and potentially reap higher returns in the long run. Additionally, making regular investments over time, rather than trying to time the market, can help reduce risk and lead to more consistent returns.\n\nUltimately, the best time for investment is when it aligns with your personal financial goals and tolerance for risk. It's always advisable to do due diligence and work with a financial advisor before making any major investment decisions.\n*****QUESTION:***** Would you give an explanation/justify your reasoning if you were asked this question by a friend?", "index": 85}, {"instruction": "Describe the best time for investment", "input": "", "output": "The best time for investment can vary depending on various factors such as personal financial goals, market conditions, and the type of investment being made. However, in general, it's a good idea to invest as early as possible, as this allows you to take advantage of the power of compounding over time. \n\nIt's also a good idea to invest when the market is experiencing a dip, as this can allow you to buy assets at a lower price, and potentially reap higher returns in the long run. Additionally, making regular investments over time, rather than trying to time the market, can help reduce risk and lead to more consistent returns.\n\nUltimately, the best time for investment is when it aligns with your personal financial goals and tolerance for risk. It's always advisable to do due diligence and work with a financial advisor before making any major investment decisions.", "all_data": "*****INSTRUCTION:***** Describe the best time for investment\n\n*****OUTPUT:***** The best time for investment can vary depending on various factors such as personal financial goals, market conditions, and the type of investment being made. However, in general, it's a good idea to invest as early as possible, as this allows you to take advantage of the power of compounding over time. \n\nIt's also a good idea to invest when the market is experiencing a dip, as this can allow you to buy assets at a lower price, and potentially reap higher returns in the long run. Additionally, making regular investments over time, rather than trying to time the market, can help reduce risk and lead to more consistent returns.\n\nUltimately, the best time for investment is when it aligns with your personal financial goals and tolerance for risk. It's always advisable to do due diligence and work with a financial advisor before making any major investment decisions.\n*****QUESTION:***** If there is an explanation: Does the explanation refer to commonsense concepts that are taken as given?", "index": 86}, {"instruction": "Describe the best time for investment", "input": "", "output": "The best time for investment can vary depending on various factors such as personal financial goals, market conditions, and the type of investment being made. However, in general, it's a good idea to invest as early as possible, as this allows you to take advantage of the power of compounding over time. \n\nIt's also a good idea to invest when the market is experiencing a dip, as this can allow you to buy assets at a lower price, and potentially reap higher returns in the long run. Additionally, making regular investments over time, rather than trying to time the market, can help reduce risk and lead to more consistent returns.\n\nUltimately, the best time for investment is when it aligns with your personal financial goals and tolerance for risk. It's always advisable to do due diligence and work with a financial advisor before making any major investment decisions.", "all_data": "*****INSTRUCTION:***** Describe the best time for investment\n\n*****OUTPUT:***** The best time for investment can vary depending on various factors such as personal financial goals, market conditions, and the type of investment being made. However, in general, it's a good idea to invest as early as possible, as this allows you to take advantage of the power of compounding over time. \n\nIt's also a good idea to invest when the market is experiencing a dip, as this can allow you to buy assets at a lower price, and potentially reap higher returns in the long run. Additionally, making regular investments over time, rather than trying to time the market, can help reduce risk and lead to more consistent returns.\n\nUltimately, the best time for investment is when it aligns with your personal financial goals and tolerance for risk. It's always advisable to do due diligence and work with a financial advisor before making any major investment decisions.\n*****QUESTION:***** If there is an explanation: Does the explanation list contributing factors?", "index": 87}, {"instruction": "Describe the best time for investment", "input": "", "output": "The best time for investment can vary depending on various factors such as personal financial goals, market conditions, and the type of investment being made. However, in general, it's a good idea to invest as early as possible, as this allows you to take advantage of the power of compounding over time. \n\nIt's also a good idea to invest when the market is experiencing a dip, as this can allow you to buy assets at a lower price, and potentially reap higher returns in the long run. Additionally, making regular investments over time, rather than trying to time the market, can help reduce risk and lead to more consistent returns.\n\nUltimately, the best time for investment is when it aligns with your personal financial goals and tolerance for risk. It's always advisable to do due diligence and work with a financial advisor before making any major investment decisions.", "all_data": "*****INSTRUCTION:***** Describe the best time for investment\n\n*****OUTPUT:***** The best time for investment can vary depending on various factors such as personal financial goals, market conditions, and the type of investment being made. However, in general, it's a good idea to invest as early as possible, as this allows you to take advantage of the power of compounding over time. \n\nIt's also a good idea to invest when the market is experiencing a dip, as this can allow you to buy assets at a lower price, and potentially reap higher returns in the long run. Additionally, making regular investments over time, rather than trying to time the market, can help reduce risk and lead to more consistent returns.\n\nUltimately, the best time for investment is when it aligns with your personal financial goals and tolerance for risk. It's always advisable to do due diligence and work with a financial advisor before making any major investment decisions.\n*****QUESTION:***** If there is an explanation: Does the explanation include subjective or biased criteria?", "index": 88}, {"instruction": "Describe the best time for investment", "input": "", "output": "The best time for investment can vary depending on various factors such as personal financial goals, market conditions, and the type of investment being made. However, in general, it's a good idea to invest as early as possible, as this allows you to take advantage of the power of compounding over time. \n\nIt's also a good idea to invest when the market is experiencing a dip, as this can allow you to buy assets at a lower price, and potentially reap higher returns in the long run. Additionally, making regular investments over time, rather than trying to time the market, can help reduce risk and lead to more consistent returns.\n\nUltimately, the best time for investment is when it aligns with your personal financial goals and tolerance for risk. It's always advisable to do due diligence and work with a financial advisor before making any major investment decisions.", "all_data": "*****INSTRUCTION:***** Describe the best time for investment\n\n*****OUTPUT:***** The best time for investment can vary depending on various factors such as personal financial goals, market conditions, and the type of investment being made. However, in general, it's a good idea to invest as early as possible, as this allows you to take advantage of the power of compounding over time. \n\nIt's also a good idea to invest when the market is experiencing a dip, as this can allow you to buy assets at a lower price, and potentially reap higher returns in the long run. Additionally, making regular investments over time, rather than trying to time the market, can help reduce risk and lead to more consistent returns.\n\nUltimately, the best time for investment is when it aligns with your personal financial goals and tolerance for risk. It's always advisable to do due diligence and work with a financial advisor before making any major investment decisions.\n*****QUESTION:***** If there is an explanation: Does the explanation include illustrative elements (e.g. examples)?", "index": 89}, {"instruction": "Describe the best time for investment", "input": "", "output": "The best time for investment can vary depending on various factors such as personal financial goals, market conditions, and the type of investment being made. However, in general, it's a good idea to invest as early as possible, as this allows you to take advantage of the power of compounding over time. \n\nIt's also a good idea to invest when the market is experiencing a dip, as this can allow you to buy assets at a lower price, and potentially reap higher returns in the long run. Additionally, making regular investments over time, rather than trying to time the market, can help reduce risk and lead to more consistent returns.\n\nUltimately, the best time for investment is when it aligns with your personal financial goals and tolerance for risk. It's always advisable to do due diligence and work with a financial advisor before making any major investment decisions.", "all_data": "*****INSTRUCTION:***** Describe the best time for investment\n\n*****OUTPUT:***** The best time for investment can vary depending on various factors such as personal financial goals, market conditions, and the type of investment being made. However, in general, it's a good idea to invest as early as possible, as this allows you to take advantage of the power of compounding over time. \n\nIt's also a good idea to invest when the market is experiencing a dip, as this can allow you to buy assets at a lower price, and potentially reap higher returns in the long run. Additionally, making regular investments over time, rather than trying to time the market, can help reduce risk and lead to more consistent returns.\n\nUltimately, the best time for investment is when it aligns with your personal financial goals and tolerance for risk. It's always advisable to do due diligence and work with a financial advisor before making any major investment decisions.\n*****QUESTION:***** If there is an explanation: Is the explanation misleading (e.g. arguing for a label that is wrong)?", "index": 90}, {"instruction": "Does garlic have any nutritional benefits?", "input": "", "output": "Yes, garlic does have numerous nutritional benefits. Garlic is low in calories yet rich in nutrients, including vitamins C, B6 and manganese. It is also a good source of fiber, calcium, potassium, and iron. Additionally, garlic contains various sulfur compounds, such as allicin, which have been shown to have several health benefits such as boosting immunity, reducing inflammation, and improving heart health. Overall, consuming garlic can have positive effects on several aspects of health and well-being.", "all_data": "*****INSTRUCTION:***** Does garlic have any nutritional benefits?\n\n*****OUTPUT:***** Yes, garlic does have numerous nutritional benefits. Garlic is low in calories yet rich in nutrients, including vitamins C, B6 and manganese. It is also a good source of fiber, calcium, potassium, and iron. Additionally, garlic contains various sulfur compounds, such as allicin, which have been shown to have several health benefits such as boosting immunity, reducing inflammation, and improving heart health. Overall, consuming garlic can have positive effects on several aspects of health and well-being.\n*****QUESTION:***** Does the output contain an explanation for the prediction?", "index": 91}, {"instruction": "Does garlic have any nutritional benefits?", "input": "", "output": "Yes, garlic does have numerous nutritional benefits. Garlic is low in calories yet rich in nutrients, including vitamins C, B6 and manganese. It is also a good source of fiber, calcium, potassium, and iron. Additionally, garlic contains various sulfur compounds, such as allicin, which have been shown to have several health benefits such as boosting immunity, reducing inflammation, and improving heart health. Overall, consuming garlic can have positive effects on several aspects of health and well-being.", "all_data": "*****INSTRUCTION:***** Does garlic have any nutritional benefits?\n\n*****OUTPUT:***** Yes, garlic does have numerous nutritional benefits. Garlic is low in calories yet rich in nutrients, including vitamins C, B6 and manganese. It is also a good source of fiber, calcium, potassium, and iron. Additionally, garlic contains various sulfur compounds, such as allicin, which have been shown to have several health benefits such as boosting immunity, reducing inflammation, and improving heart health. Overall, consuming garlic can have positive effects on several aspects of health and well-being.\n*****QUESTION:***** Would you give an explanation/justify your reasoning if you were asked this question by a friend?", "index": 92}, {"instruction": "Does garlic have any nutritional benefits?", "input": "", "output": "Yes, garlic does have numerous nutritional benefits. Garlic is low in calories yet rich in nutrients, including vitamins C, B6 and manganese. It is also a good source of fiber, calcium, potassium, and iron. Additionally, garlic contains various sulfur compounds, such as allicin, which have been shown to have several health benefits such as boosting immunity, reducing inflammation, and improving heart health. Overall, consuming garlic can have positive effects on several aspects of health and well-being.", "all_data": "*****INSTRUCTION:***** Does garlic have any nutritional benefits?\n\n*****OUTPUT:***** Yes, garlic does have numerous nutritional benefits. Garlic is low in calories yet rich in nutrients, including vitamins C, B6 and manganese. It is also a good source of fiber, calcium, potassium, and iron. Additionally, garlic contains various sulfur compounds, such as allicin, which have been shown to have several health benefits such as boosting immunity, reducing inflammation, and improving heart health. Overall, consuming garlic can have positive effects on several aspects of health and well-being.\n*****QUESTION:***** If there is an explanation: Does the explanation refer to commonsense concepts that are taken as given?", "index": 93}, {"instruction": "Does garlic have any nutritional benefits?", "input": "", "output": "Yes, garlic does have numerous nutritional benefits. Garlic is low in calories yet rich in nutrients, including vitamins C, B6 and manganese. It is also a good source of fiber, calcium, potassium, and iron. Additionally, garlic contains various sulfur compounds, such as allicin, which have been shown to have several health benefits such as boosting immunity, reducing inflammation, and improving heart health. Overall, consuming garlic can have positive effects on several aspects of health and well-being.", "all_data": "*****INSTRUCTION:***** Does garlic have any nutritional benefits?\n\n*****OUTPUT:***** Yes, garlic does have numerous nutritional benefits. Garlic is low in calories yet rich in nutrients, including vitamins C, B6 and manganese. It is also a good source of fiber, calcium, potassium, and iron. Additionally, garlic contains various sulfur compounds, such as allicin, which have been shown to have several health benefits such as boosting immunity, reducing inflammation, and improving heart health. Overall, consuming garlic can have positive effects on several aspects of health and well-being.\n*****QUESTION:***** If there is an explanation: Does the explanation list contributing factors?", "index": 94}, {"instruction": "Does garlic have any nutritional benefits?", "input": "", "output": "Yes, garlic does have numerous nutritional benefits. Garlic is low in calories yet rich in nutrients, including vitamins C, B6 and manganese. It is also a good source of fiber, calcium, potassium, and iron. Additionally, garlic contains various sulfur compounds, such as allicin, which have been shown to have several health benefits such as boosting immunity, reducing inflammation, and improving heart health. Overall, consuming garlic can have positive effects on several aspects of health and well-being.", "all_data": "*****INSTRUCTION:***** Does garlic have any nutritional benefits?\n\n*****OUTPUT:***** Yes, garlic does have numerous nutritional benefits. Garlic is low in calories yet rich in nutrients, including vitamins C, B6 and manganese. It is also a good source of fiber, calcium, potassium, and iron. Additionally, garlic contains various sulfur compounds, such as allicin, which have been shown to have several health benefits such as boosting immunity, reducing inflammation, and improving heart health. Overall, consuming garlic can have positive effects on several aspects of health and well-being.\n*****QUESTION:***** If there is an explanation: Does the explanation include subjective or biased criteria?", "index": 95}, {"instruction": "Does garlic have any nutritional benefits?", "input": "", "output": "Yes, garlic does have numerous nutritional benefits. Garlic is low in calories yet rich in nutrients, including vitamins C, B6 and manganese. It is also a good source of fiber, calcium, potassium, and iron. Additionally, garlic contains various sulfur compounds, such as allicin, which have been shown to have several health benefits such as boosting immunity, reducing inflammation, and improving heart health. Overall, consuming garlic can have positive effects on several aspects of health and well-being.", "all_data": "*****INSTRUCTION:***** Does garlic have any nutritional benefits?\n\n*****OUTPUT:***** Yes, garlic does have numerous nutritional benefits. Garlic is low in calories yet rich in nutrients, including vitamins C, B6 and manganese. It is also a good source of fiber, calcium, potassium, and iron. Additionally, garlic contains various sulfur compounds, such as allicin, which have been shown to have several health benefits such as boosting immunity, reducing inflammation, and improving heart health. Overall, consuming garlic can have positive effects on several aspects of health and well-being.\n*****QUESTION:***** If there is an explanation: Does the explanation include illustrative elements (e.g. examples)?", "index": 96}, {"instruction": "Does garlic have any nutritional benefits?", "input": "", "output": "Yes, garlic does have numerous nutritional benefits. Garlic is low in calories yet rich in nutrients, including vitamins C, B6 and manganese. It is also a good source of fiber, calcium, potassium, and iron. Additionally, garlic contains various sulfur compounds, such as allicin, which have been shown to have several health benefits such as boosting immunity, reducing inflammation, and improving heart health. Overall, consuming garlic can have positive effects on several aspects of health and well-being.", "all_data": "*****INSTRUCTION:***** Does garlic have any nutritional benefits?\n\n*****OUTPUT:***** Yes, garlic does have numerous nutritional benefits. Garlic is low in calories yet rich in nutrients, including vitamins C, B6 and manganese. It is also a good source of fiber, calcium, potassium, and iron. Additionally, garlic contains various sulfur compounds, such as allicin, which have been shown to have several health benefits such as boosting immunity, reducing inflammation, and improving heart health. Overall, consuming garlic can have positive effects on several aspects of health and well-being.\n*****QUESTION:***** If there is an explanation: Is the explanation misleading (e.g. arguing for a label that is wrong)?", "index": 97}, {"instruction": "Create an algorithm to determine the shortest route from point A to point B.", "input": "Point A - (1,1), Point B - (6,7)", "output": "One simple algorithm to find the shortest route from point A to point B is to use the Euclidean distance between the two points. This can be calculated as the square root of the sum of the squared differences between the x and y coordinates of the two points. Here's how the algorithm would work for the given input:\n\n1. Start with the coordinates for point A (1,1) and point B (6,7)\n2. Calculate the difference in the x-coordinates: 6-1 = 5\n3. Square the difference: 5^2 = 25\n4. Calculate the difference in the y-coordinates: 7-1 = 6\n5. Square the difference: 6^2 = 36\n6. Add the squared differences: 25 + 36 = 61\n7. Take the square root of the result: \u221a61 = 7.81\n8. The shortest distance from point A to point B is 7.81 units.\n\nNote that this algorithm provides the shortest distance between the two points but does not account for any obstacles or other considerations in the path from point A to point B.", "all_data": "*****INSTRUCTION:***** Create an algorithm to determine the shortest route from point A to point B.\nPoint A - (1,1), Point B - (6,7)\n*****OUTPUT:***** One simple algorithm to find the shortest route from point A to point B is to use the Euclidean distance between the two points. This can be calculated as the square root of the sum of the squared differences between the x and y coordinates of the two points. Here's how the algorithm would work for the given input:\n\n1. Start with the coordinates for point A (1,1) and point B (6,7)\n2. Calculate the difference in the x-coordinates: 6-1 = 5\n3. Square the difference: 5^2 = 25\n4. Calculate the difference in the y-coordinates: 7-1 = 6\n5. Square the difference: 6^2 = 36\n6. Add the squared differences: 25 + 36 = 61\n7. Take the square root of the result: \u221a61 = 7.81\n8. The shortest distance from point A to point B is 7.81 units.\n\nNote that this algorithm provides the shortest distance between the two points but does not account for any obstacles or other considerations in the path from point A to point B.\n*****QUESTION:***** Does the output contain an explanation for the prediction?", "index": 98}, {"instruction": "Create an algorithm to determine the shortest route from point A to point B.", "input": "Point A - (1,1), Point B - (6,7)", "output": "One simple algorithm to find the shortest route from point A to point B is to use the Euclidean distance between the two points. This can be calculated as the square root of the sum of the squared differences between the x and y coordinates of the two points. Here's how the algorithm would work for the given input:\n\n1. Start with the coordinates for point A (1,1) and point B (6,7)\n2. Calculate the difference in the x-coordinates: 6-1 = 5\n3. Square the difference: 5^2 = 25\n4. Calculate the difference in the y-coordinates: 7-1 = 6\n5. Square the difference: 6^2 = 36\n6. Add the squared differences: 25 + 36 = 61\n7. Take the square root of the result: \u221a61 = 7.81\n8. The shortest distance from point A to point B is 7.81 units.\n\nNote that this algorithm provides the shortest distance between the two points but does not account for any obstacles or other considerations in the path from point A to point B.", "all_data": "*****INSTRUCTION:***** Create an algorithm to determine the shortest route from point A to point B.\nPoint A - (1,1), Point B - (6,7)\n*****OUTPUT:***** One simple algorithm to find the shortest route from point A to point B is to use the Euclidean distance between the two points. This can be calculated as the square root of the sum of the squared differences between the x and y coordinates of the two points. Here's how the algorithm would work for the given input:\n\n1. Start with the coordinates for point A (1,1) and point B (6,7)\n2. Calculate the difference in the x-coordinates: 6-1 = 5\n3. Square the difference: 5^2 = 25\n4. Calculate the difference in the y-coordinates: 7-1 = 6\n5. Square the difference: 6^2 = 36\n6. Add the squared differences: 25 + 36 = 61\n7. Take the square root of the result: \u221a61 = 7.81\n8. The shortest distance from point A to point B is 7.81 units.\n\nNote that this algorithm provides the shortest distance between the two points but does not account for any obstacles or other considerations in the path from point A to point B.\n*****QUESTION:***** Would you give an explanation/justify your reasoning if you were asked this question by a friend?", "index": 99}, {"instruction": "Create an algorithm to determine the shortest route from point A to point B.", "input": "Point A - (1,1), Point B - (6,7)", "output": "One simple algorithm to find the shortest route from point A to point B is to use the Euclidean distance between the two points. This can be calculated as the square root of the sum of the squared differences between the x and y coordinates of the two points. Here's how the algorithm would work for the given input:\n\n1. Start with the coordinates for point A (1,1) and point B (6,7)\n2. Calculate the difference in the x-coordinates: 6-1 = 5\n3. Square the difference: 5^2 = 25\n4. Calculate the difference in the y-coordinates: 7-1 = 6\n5. Square the difference: 6^2 = 36\n6. Add the squared differences: 25 + 36 = 61\n7. Take the square root of the result: \u221a61 = 7.81\n8. The shortest distance from point A to point B is 7.81 units.\n\nNote that this algorithm provides the shortest distance between the two points but does not account for any obstacles or other considerations in the path from point A to point B.", "all_data": "*****INSTRUCTION:***** Create an algorithm to determine the shortest route from point A to point B.\nPoint A - (1,1), Point B - (6,7)\n*****OUTPUT:***** One simple algorithm to find the shortest route from point A to point B is to use the Euclidean distance between the two points. This can be calculated as the square root of the sum of the squared differences between the x and y coordinates of the two points. Here's how the algorithm would work for the given input:\n\n1. Start with the coordinates for point A (1,1) and point B (6,7)\n2. Calculate the difference in the x-coordinates: 6-1 = 5\n3. Square the difference: 5^2 = 25\n4. Calculate the difference in the y-coordinates: 7-1 = 6\n5. Square the difference: 6^2 = 36\n6. Add the squared differences: 25 + 36 = 61\n7. Take the square root of the result: \u221a61 = 7.81\n8. The shortest distance from point A to point B is 7.81 units.\n\nNote that this algorithm provides the shortest distance between the two points but does not account for any obstacles or other considerations in the path from point A to point B.\n*****QUESTION:***** If there is an explanation: Does the explanation refer to commonsense concepts that are taken as given?", "index": 100}, {"instruction": "Create an algorithm to determine the shortest route from point A to point B.", "input": "Point A - (1,1), Point B - (6,7)", "output": "One simple algorithm to find the shortest route from point A to point B is to use the Euclidean distance between the two points. This can be calculated as the square root of the sum of the squared differences between the x and y coordinates of the two points. Here's how the algorithm would work for the given input:\n\n1. Start with the coordinates for point A (1,1) and point B (6,7)\n2. Calculate the difference in the x-coordinates: 6-1 = 5\n3. Square the difference: 5^2 = 25\n4. Calculate the difference in the y-coordinates: 7-1 = 6\n5. Square the difference: 6^2 = 36\n6. Add the squared differences: 25 + 36 = 61\n7. Take the square root of the result: \u221a61 = 7.81\n8. The shortest distance from point A to point B is 7.81 units.\n\nNote that this algorithm provides the shortest distance between the two points but does not account for any obstacles or other considerations in the path from point A to point B.", "all_data": "*****INSTRUCTION:***** Create an algorithm to determine the shortest route from point A to point B.\nPoint A - (1,1), Point B - (6,7)\n*****OUTPUT:***** One simple algorithm to find the shortest route from point A to point B is to use the Euclidean distance between the two points. This can be calculated as the square root of the sum of the squared differences between the x and y coordinates of the two points. Here's how the algorithm would work for the given input:\n\n1. Start with the coordinates for point A (1,1) and point B (6,7)\n2. Calculate the difference in the x-coordinates: 6-1 = 5\n3. Square the difference: 5^2 = 25\n4. Calculate the difference in the y-coordinates: 7-1 = 6\n5. Square the difference: 6^2 = 36\n6. Add the squared differences: 25 + 36 = 61\n7. Take the square root of the result: \u221a61 = 7.81\n8. The shortest distance from point A to point B is 7.81 units.\n\nNote that this algorithm provides the shortest distance between the two points but does not account for any obstacles or other considerations in the path from point A to point B.\n*****QUESTION:***** If there is an explanation: Does the explanation list contributing factors?", "index": 101}, {"instruction": "Create an algorithm to determine the shortest route from point A to point B.", "input": "Point A - (1,1), Point B - (6,7)", "output": "One simple algorithm to find the shortest route from point A to point B is to use the Euclidean distance between the two points. This can be calculated as the square root of the sum of the squared differences between the x and y coordinates of the two points. Here's how the algorithm would work for the given input:\n\n1. Start with the coordinates for point A (1,1) and point B (6,7)\n2. Calculate the difference in the x-coordinates: 6-1 = 5\n3. Square the difference: 5^2 = 25\n4. Calculate the difference in the y-coordinates: 7-1 = 6\n5. Square the difference: 6^2 = 36\n6. Add the squared differences: 25 + 36 = 61\n7. Take the square root of the result: \u221a61 = 7.81\n8. The shortest distance from point A to point B is 7.81 units.\n\nNote that this algorithm provides the shortest distance between the two points but does not account for any obstacles or other considerations in the path from point A to point B.", "all_data": "*****INSTRUCTION:***** Create an algorithm to determine the shortest route from point A to point B.\nPoint A - (1,1), Point B - (6,7)\n*****OUTPUT:***** One simple algorithm to find the shortest route from point A to point B is to use the Euclidean distance between the two points. This can be calculated as the square root of the sum of the squared differences between the x and y coordinates of the two points. Here's how the algorithm would work for the given input:\n\n1. Start with the coordinates for point A (1,1) and point B (6,7)\n2. Calculate the difference in the x-coordinates: 6-1 = 5\n3. Square the difference: 5^2 = 25\n4. Calculate the difference in the y-coordinates: 7-1 = 6\n5. Square the difference: 6^2 = 36\n6. Add the squared differences: 25 + 36 = 61\n7. Take the square root of the result: \u221a61 = 7.81\n8. The shortest distance from point A to point B is 7.81 units.\n\nNote that this algorithm provides the shortest distance between the two points but does not account for any obstacles or other considerations in the path from point A to point B.\n*****QUESTION:***** If there is an explanation: Does the explanation include subjective or biased criteria?", "index": 102}, {"instruction": "Create an algorithm to determine the shortest route from point A to point B.", "input": "Point A - (1,1), Point B - (6,7)", "output": "One simple algorithm to find the shortest route from point A to point B is to use the Euclidean distance between the two points. This can be calculated as the square root of the sum of the squared differences between the x and y coordinates of the two points. Here's how the algorithm would work for the given input:\n\n1. Start with the coordinates for point A (1,1) and point B (6,7)\n2. Calculate the difference in the x-coordinates: 6-1 = 5\n3. Square the difference: 5^2 = 25\n4. Calculate the difference in the y-coordinates: 7-1 = 6\n5. Square the difference: 6^2 = 36\n6. Add the squared differences: 25 + 36 = 61\n7. Take the square root of the result: \u221a61 = 7.81\n8. The shortest distance from point A to point B is 7.81 units.\n\nNote that this algorithm provides the shortest distance between the two points but does not account for any obstacles or other considerations in the path from point A to point B.", "all_data": "*****INSTRUCTION:***** Create an algorithm to determine the shortest route from point A to point B.\nPoint A - (1,1), Point B - (6,7)\n*****OUTPUT:***** One simple algorithm to find the shortest route from point A to point B is to use the Euclidean distance between the two points. This can be calculated as the square root of the sum of the squared differences between the x and y coordinates of the two points. Here's how the algorithm would work for the given input:\n\n1. Start with the coordinates for point A (1,1) and point B (6,7)\n2. Calculate the difference in the x-coordinates: 6-1 = 5\n3. Square the difference: 5^2 = 25\n4. Calculate the difference in the y-coordinates: 7-1 = 6\n5. Square the difference: 6^2 = 36\n6. Add the squared differences: 25 + 36 = 61\n7. Take the square root of the result: \u221a61 = 7.81\n8. The shortest distance from point A to point B is 7.81 units.\n\nNote that this algorithm provides the shortest distance between the two points but does not account for any obstacles or other considerations in the path from point A to point B.\n*****QUESTION:***** If there is an explanation: Does the explanation include illustrative elements (e.g. examples)?", "index": 103}, {"instruction": "Create an algorithm to determine the shortest route from point A to point B.", "input": "Point A - (1,1), Point B - (6,7)", "output": "One simple algorithm to find the shortest route from point A to point B is to use the Euclidean distance between the two points. This can be calculated as the square root of the sum of the squared differences between the x and y coordinates of the two points. Here's how the algorithm would work for the given input:\n\n1. Start with the coordinates for point A (1,1) and point B (6,7)\n2. Calculate the difference in the x-coordinates: 6-1 = 5\n3. Square the difference: 5^2 = 25\n4. Calculate the difference in the y-coordinates: 7-1 = 6\n5. Square the difference: 6^2 = 36\n6. Add the squared differences: 25 + 36 = 61\n7. Take the square root of the result: \u221a61 = 7.81\n8. The shortest distance from point A to point B is 7.81 units.\n\nNote that this algorithm provides the shortest distance between the two points but does not account for any obstacles or other considerations in the path from point A to point B.", "all_data": "*****INSTRUCTION:***** Create an algorithm to determine the shortest route from point A to point B.\nPoint A - (1,1), Point B - (6,7)\n*****OUTPUT:***** One simple algorithm to find the shortest route from point A to point B is to use the Euclidean distance between the two points. This can be calculated as the square root of the sum of the squared differences between the x and y coordinates of the two points. Here's how the algorithm would work for the given input:\n\n1. Start with the coordinates for point A (1,1) and point B (6,7)\n2. Calculate the difference in the x-coordinates: 6-1 = 5\n3. Square the difference: 5^2 = 25\n4. Calculate the difference in the y-coordinates: 7-1 = 6\n5. Square the difference: 6^2 = 36\n6. Add the squared differences: 25 + 36 = 61\n7. Take the square root of the result: \u221a61 = 7.81\n8. The shortest distance from point A to point B is 7.81 units.\n\nNote that this algorithm provides the shortest distance between the two points but does not account for any obstacles or other considerations in the path from point A to point B.\n*****QUESTION:***** If there is an explanation: Is the explanation misleading (e.g. arguing for a label that is wrong)?", "index": 104}, {"instruction": "What techniques help an individual lower their stress?", "input": "", "output": "Here are some techniques that can help an individual lower their stress:\n\n1. Exercise: Regular physical activity can release feel-good endorphins and provide an outlet for frustration and tension, leading to lower stress levels.\n\n2. Relaxation Techniques: Deep-breathing exercises, meditation, and yoga are all effective ways to reduce stress levels.\n\n3. Time Management: Learning to manage your time effectively can help you avoid feeling overwhelmed and reduce stress.\n\n4. Social Support: Spending time with family, friends, or a support group can help you manage stress.\n\n5. Gratitude: Keep a gratitude journal or practice mindfulness to focus on positive aspects of your life.\n\n6. Healthy Lifestyle: Eating a balanced diet, getting enough sleep, and avoiding drugs, alcohol, and smoking can help with stress relief.\n\n7. Talk to Someone: Speaking to a therapist, counselor, or coach can provide you with an outlet to talk about your emotions and explore the root causes of your stress.\n\n8. Self Care: Set aside time to do things that make you feel good, such as reading a book, taking a warm bath, or listening to music.\n\n9. Humor: Laughter can relieve tension and help you to see the lighter side of things.\n\n10. Avoid Stress Triggers: Identify situations and people that trigger your stress and try to limit your exposure to them. \n\nIt's important to note that everyone experiences stress differently, so what may work for one person may not work for another. It is important to find your own stress-reducing methods that work best for you.", "all_data": "*****INSTRUCTION:***** What techniques help an individual lower their stress?\n\n*****OUTPUT:***** Here are some techniques that can help an individual lower their stress:\n\n1. Exercise: Regular physical activity can release feel-good endorphins and provide an outlet for frustration and tension, leading to lower stress levels.\n\n2. Relaxation Techniques: Deep-breathing exercises, meditation, and yoga are all effective ways to reduce stress levels.\n\n3. Time Management: Learning to manage your time effectively can help you avoid feeling overwhelmed and reduce stress.\n\n4. Social Support: Spending time with family, friends, or a support group can help you manage stress.\n\n5. Gratitude: Keep a gratitude journal or practice mindfulness to focus on positive aspects of your life.\n\n6. Healthy Lifestyle: Eating a balanced diet, getting enough sleep, and avoiding drugs, alcohol, and smoking can help with stress relief.\n\n7. Talk to Someone: Speaking to a therapist, counselor, or coach can provide you with an outlet to talk about your emotions and explore the root causes of your stress.\n\n8. Self Care: Set aside time to do things that make you feel good, such as reading a book, taking a warm bath, or listening to music.\n\n9. Humor: Laughter can relieve tension and help you to see the lighter side of things.\n\n10. Avoid Stress Triggers: Identify situations and people that trigger your stress and try to limit your exposure to them. \n\nIt's important to note that everyone experiences stress differently, so what may work for one person may not work for another. It is important to find your own stress-reducing methods that work best for you.\n*****QUESTION:***** Does the output contain an explanation for the prediction?", "index": 105}, {"instruction": "What techniques help an individual lower their stress?", "input": "", "output": "Here are some techniques that can help an individual lower their stress:\n\n1. Exercise: Regular physical activity can release feel-good endorphins and provide an outlet for frustration and tension, leading to lower stress levels.\n\n2. Relaxation Techniques: Deep-breathing exercises, meditation, and yoga are all effective ways to reduce stress levels.\n\n3. Time Management: Learning to manage your time effectively can help you avoid feeling overwhelmed and reduce stress.\n\n4. Social Support: Spending time with family, friends, or a support group can help you manage stress.\n\n5. Gratitude: Keep a gratitude journal or practice mindfulness to focus on positive aspects of your life.\n\n6. Healthy Lifestyle: Eating a balanced diet, getting enough sleep, and avoiding drugs, alcohol, and smoking can help with stress relief.\n\n7. Talk to Someone: Speaking to a therapist, counselor, or coach can provide you with an outlet to talk about your emotions and explore the root causes of your stress.\n\n8. Self Care: Set aside time to do things that make you feel good, such as reading a book, taking a warm bath, or listening to music.\n\n9. Humor: Laughter can relieve tension and help you to see the lighter side of things.\n\n10. Avoid Stress Triggers: Identify situations and people that trigger your stress and try to limit your exposure to them. \n\nIt's important to note that everyone experiences stress differently, so what may work for one person may not work for another. It is important to find your own stress-reducing methods that work best for you.", "all_data": "*****INSTRUCTION:***** What techniques help an individual lower their stress?\n\n*****OUTPUT:***** Here are some techniques that can help an individual lower their stress:\n\n1. Exercise: Regular physical activity can release feel-good endorphins and provide an outlet for frustration and tension, leading to lower stress levels.\n\n2. Relaxation Techniques: Deep-breathing exercises, meditation, and yoga are all effective ways to reduce stress levels.\n\n3. Time Management: Learning to manage your time effectively can help you avoid feeling overwhelmed and reduce stress.\n\n4. Social Support: Spending time with family, friends, or a support group can help you manage stress.\n\n5. Gratitude: Keep a gratitude journal or practice mindfulness to focus on positive aspects of your life.\n\n6. Healthy Lifestyle: Eating a balanced diet, getting enough sleep, and avoiding drugs, alcohol, and smoking can help with stress relief.\n\n7. Talk to Someone: Speaking to a therapist, counselor, or coach can provide you with an outlet to talk about your emotions and explore the root causes of your stress.\n\n8. Self Care: Set aside time to do things that make you feel good, such as reading a book, taking a warm bath, or listening to music.\n\n9. Humor: Laughter can relieve tension and help you to see the lighter side of things.\n\n10. Avoid Stress Triggers: Identify situations and people that trigger your stress and try to limit your exposure to them. \n\nIt's important to note that everyone experiences stress differently, so what may work for one person may not work for another. It is important to find your own stress-reducing methods that work best for you.\n*****QUESTION:***** Would you give an explanation/justify your reasoning if you were asked this question by a friend?", "index": 106}, {"instruction": "What techniques help an individual lower their stress?", "input": "", "output": "Here are some techniques that can help an individual lower their stress:\n\n1. Exercise: Regular physical activity can release feel-good endorphins and provide an outlet for frustration and tension, leading to lower stress levels.\n\n2. Relaxation Techniques: Deep-breathing exercises, meditation, and yoga are all effective ways to reduce stress levels.\n\n3. Time Management: Learning to manage your time effectively can help you avoid feeling overwhelmed and reduce stress.\n\n4. Social Support: Spending time with family, friends, or a support group can help you manage stress.\n\n5. Gratitude: Keep a gratitude journal or practice mindfulness to focus on positive aspects of your life.\n\n6. Healthy Lifestyle: Eating a balanced diet, getting enough sleep, and avoiding drugs, alcohol, and smoking can help with stress relief.\n\n7. Talk to Someone: Speaking to a therapist, counselor, or coach can provide you with an outlet to talk about your emotions and explore the root causes of your stress.\n\n8. Self Care: Set aside time to do things that make you feel good, such as reading a book, taking a warm bath, or listening to music.\n\n9. Humor: Laughter can relieve tension and help you to see the lighter side of things.\n\n10. Avoid Stress Triggers: Identify situations and people that trigger your stress and try to limit your exposure to them. \n\nIt's important to note that everyone experiences stress differently, so what may work for one person may not work for another. It is important to find your own stress-reducing methods that work best for you.", "all_data": "*****INSTRUCTION:***** What techniques help an individual lower their stress?\n\n*****OUTPUT:***** Here are some techniques that can help an individual lower their stress:\n\n1. Exercise: Regular physical activity can release feel-good endorphins and provide an outlet for frustration and tension, leading to lower stress levels.\n\n2. Relaxation Techniques: Deep-breathing exercises, meditation, and yoga are all effective ways to reduce stress levels.\n\n3. Time Management: Learning to manage your time effectively can help you avoid feeling overwhelmed and reduce stress.\n\n4. Social Support: Spending time with family, friends, or a support group can help you manage stress.\n\n5. Gratitude: Keep a gratitude journal or practice mindfulness to focus on positive aspects of your life.\n\n6. Healthy Lifestyle: Eating a balanced diet, getting enough sleep, and avoiding drugs, alcohol, and smoking can help with stress relief.\n\n7. Talk to Someone: Speaking to a therapist, counselor, or coach can provide you with an outlet to talk about your emotions and explore the root causes of your stress.\n\n8. Self Care: Set aside time to do things that make you feel good, such as reading a book, taking a warm bath, or listening to music.\n\n9. Humor: Laughter can relieve tension and help you to see the lighter side of things.\n\n10. Avoid Stress Triggers: Identify situations and people that trigger your stress and try to limit your exposure to them. \n\nIt's important to note that everyone experiences stress differently, so what may work for one person may not work for another. It is important to find your own stress-reducing methods that work best for you.\n*****QUESTION:***** If there is an explanation: Does the explanation refer to commonsense concepts that are taken as given?", "index": 107}, {"instruction": "What techniques help an individual lower their stress?", "input": "", "output": "Here are some techniques that can help an individual lower their stress:\n\n1. Exercise: Regular physical activity can release feel-good endorphins and provide an outlet for frustration and tension, leading to lower stress levels.\n\n2. Relaxation Techniques: Deep-breathing exercises, meditation, and yoga are all effective ways to reduce stress levels.\n\n3. Time Management: Learning to manage your time effectively can help you avoid feeling overwhelmed and reduce stress.\n\n4. Social Support: Spending time with family, friends, or a support group can help you manage stress.\n\n5. Gratitude: Keep a gratitude journal or practice mindfulness to focus on positive aspects of your life.\n\n6. Healthy Lifestyle: Eating a balanced diet, getting enough sleep, and avoiding drugs, alcohol, and smoking can help with stress relief.\n\n7. Talk to Someone: Speaking to a therapist, counselor, or coach can provide you with an outlet to talk about your emotions and explore the root causes of your stress.\n\n8. Self Care: Set aside time to do things that make you feel good, such as reading a book, taking a warm bath, or listening to music.\n\n9. Humor: Laughter can relieve tension and help you to see the lighter side of things.\n\n10. Avoid Stress Triggers: Identify situations and people that trigger your stress and try to limit your exposure to them. \n\nIt's important to note that everyone experiences stress differently, so what may work for one person may not work for another. It is important to find your own stress-reducing methods that work best for you.", "all_data": "*****INSTRUCTION:***** What techniques help an individual lower their stress?\n\n*****OUTPUT:***** Here are some techniques that can help an individual lower their stress:\n\n1. Exercise: Regular physical activity can release feel-good endorphins and provide an outlet for frustration and tension, leading to lower stress levels.\n\n2. Relaxation Techniques: Deep-breathing exercises, meditation, and yoga are all effective ways to reduce stress levels.\n\n3. Time Management: Learning to manage your time effectively can help you avoid feeling overwhelmed and reduce stress.\n\n4. Social Support: Spending time with family, friends, or a support group can help you manage stress.\n\n5. Gratitude: Keep a gratitude journal or practice mindfulness to focus on positive aspects of your life.\n\n6. Healthy Lifestyle: Eating a balanced diet, getting enough sleep, and avoiding drugs, alcohol, and smoking can help with stress relief.\n\n7. Talk to Someone: Speaking to a therapist, counselor, or coach can provide you with an outlet to talk about your emotions and explore the root causes of your stress.\n\n8. Self Care: Set aside time to do things that make you feel good, such as reading a book, taking a warm bath, or listening to music.\n\n9. Humor: Laughter can relieve tension and help you to see the lighter side of things.\n\n10. Avoid Stress Triggers: Identify situations and people that trigger your stress and try to limit your exposure to them. \n\nIt's important to note that everyone experiences stress differently, so what may work for one person may not work for another. It is important to find your own stress-reducing methods that work best for you.\n*****QUESTION:***** If there is an explanation: Does the explanation list contributing factors?", "index": 108}, {"instruction": "What techniques help an individual lower their stress?", "input": "", "output": "Here are some techniques that can help an individual lower their stress:\n\n1. Exercise: Regular physical activity can release feel-good endorphins and provide an outlet for frustration and tension, leading to lower stress levels.\n\n2. Relaxation Techniques: Deep-breathing exercises, meditation, and yoga are all effective ways to reduce stress levels.\n\n3. Time Management: Learning to manage your time effectively can help you avoid feeling overwhelmed and reduce stress.\n\n4. Social Support: Spending time with family, friends, or a support group can help you manage stress.\n\n5. Gratitude: Keep a gratitude journal or practice mindfulness to focus on positive aspects of your life.\n\n6. Healthy Lifestyle: Eating a balanced diet, getting enough sleep, and avoiding drugs, alcohol, and smoking can help with stress relief.\n\n7. Talk to Someone: Speaking to a therapist, counselor, or coach can provide you with an outlet to talk about your emotions and explore the root causes of your stress.\n\n8. Self Care: Set aside time to do things that make you feel good, such as reading a book, taking a warm bath, or listening to music.\n\n9. Humor: Laughter can relieve tension and help you to see the lighter side of things.\n\n10. Avoid Stress Triggers: Identify situations and people that trigger your stress and try to limit your exposure to them. \n\nIt's important to note that everyone experiences stress differently, so what may work for one person may not work for another. It is important to find your own stress-reducing methods that work best for you.", "all_data": "*****INSTRUCTION:***** What techniques help an individual lower their stress?\n\n*****OUTPUT:***** Here are some techniques that can help an individual lower their stress:\n\n1. Exercise: Regular physical activity can release feel-good endorphins and provide an outlet for frustration and tension, leading to lower stress levels.\n\n2. Relaxation Techniques: Deep-breathing exercises, meditation, and yoga are all effective ways to reduce stress levels.\n\n3. Time Management: Learning to manage your time effectively can help you avoid feeling overwhelmed and reduce stress.\n\n4. Social Support: Spending time with family, friends, or a support group can help you manage stress.\n\n5. Gratitude: Keep a gratitude journal or practice mindfulness to focus on positive aspects of your life.\n\n6. Healthy Lifestyle: Eating a balanced diet, getting enough sleep, and avoiding drugs, alcohol, and smoking can help with stress relief.\n\n7. Talk to Someone: Speaking to a therapist, counselor, or coach can provide you with an outlet to talk about your emotions and explore the root causes of your stress.\n\n8. Self Care: Set aside time to do things that make you feel good, such as reading a book, taking a warm bath, or listening to music.\n\n9. Humor: Laughter can relieve tension and help you to see the lighter side of things.\n\n10. Avoid Stress Triggers: Identify situations and people that trigger your stress and try to limit your exposure to them. \n\nIt's important to note that everyone experiences stress differently, so what may work for one person may not work for another. It is important to find your own stress-reducing methods that work best for you.\n*****QUESTION:***** If there is an explanation: Does the explanation include subjective or biased criteria?", "index": 109}, {"instruction": "What techniques help an individual lower their stress?", "input": "", "output": "Here are some techniques that can help an individual lower their stress:\n\n1. Exercise: Regular physical activity can release feel-good endorphins and provide an outlet for frustration and tension, leading to lower stress levels.\n\n2. Relaxation Techniques: Deep-breathing exercises, meditation, and yoga are all effective ways to reduce stress levels.\n\n3. Time Management: Learning to manage your time effectively can help you avoid feeling overwhelmed and reduce stress.\n\n4. Social Support: Spending time with family, friends, or a support group can help you manage stress.\n\n5. Gratitude: Keep a gratitude journal or practice mindfulness to focus on positive aspects of your life.\n\n6. Healthy Lifestyle: Eating a balanced diet, getting enough sleep, and avoiding drugs, alcohol, and smoking can help with stress relief.\n\n7. Talk to Someone: Speaking to a therapist, counselor, or coach can provide you with an outlet to talk about your emotions and explore the root causes of your stress.\n\n8. Self Care: Set aside time to do things that make you feel good, such as reading a book, taking a warm bath, or listening to music.\n\n9. Humor: Laughter can relieve tension and help you to see the lighter side of things.\n\n10. Avoid Stress Triggers: Identify situations and people that trigger your stress and try to limit your exposure to them. \n\nIt's important to note that everyone experiences stress differently, so what may work for one person may not work for another. It is important to find your own stress-reducing methods that work best for you.", "all_data": "*****INSTRUCTION:***** What techniques help an individual lower their stress?\n\n*****OUTPUT:***** Here are some techniques that can help an individual lower their stress:\n\n1. Exercise: Regular physical activity can release feel-good endorphins and provide an outlet for frustration and tension, leading to lower stress levels.\n\n2. Relaxation Techniques: Deep-breathing exercises, meditation, and yoga are all effective ways to reduce stress levels.\n\n3. Time Management: Learning to manage your time effectively can help you avoid feeling overwhelmed and reduce stress.\n\n4. Social Support: Spending time with family, friends, or a support group can help you manage stress.\n\n5. Gratitude: Keep a gratitude journal or practice mindfulness to focus on positive aspects of your life.\n\n6. Healthy Lifestyle: Eating a balanced diet, getting enough sleep, and avoiding drugs, alcohol, and smoking can help with stress relief.\n\n7. Talk to Someone: Speaking to a therapist, counselor, or coach can provide you with an outlet to talk about your emotions and explore the root causes of your stress.\n\n8. Self Care: Set aside time to do things that make you feel good, such as reading a book, taking a warm bath, or listening to music.\n\n9. Humor: Laughter can relieve tension and help you to see the lighter side of things.\n\n10. Avoid Stress Triggers: Identify situations and people that trigger your stress and try to limit your exposure to them. \n\nIt's important to note that everyone experiences stress differently, so what may work for one person may not work for another. It is important to find your own stress-reducing methods that work best for you.\n*****QUESTION:***** If there is an explanation: Does the explanation include illustrative elements (e.g. examples)?", "index": 110}, {"instruction": "What techniques help an individual lower their stress?", "input": "", "output": "Here are some techniques that can help an individual lower their stress:\n\n1. Exercise: Regular physical activity can release feel-good endorphins and provide an outlet for frustration and tension, leading to lower stress levels.\n\n2. Relaxation Techniques: Deep-breathing exercises, meditation, and yoga are all effective ways to reduce stress levels.\n\n3. Time Management: Learning to manage your time effectively can help you avoid feeling overwhelmed and reduce stress.\n\n4. Social Support: Spending time with family, friends, or a support group can help you manage stress.\n\n5. Gratitude: Keep a gratitude journal or practice mindfulness to focus on positive aspects of your life.\n\n6. Healthy Lifestyle: Eating a balanced diet, getting enough sleep, and avoiding drugs, alcohol, and smoking can help with stress relief.\n\n7. Talk to Someone: Speaking to a therapist, counselor, or coach can provide you with an outlet to talk about your emotions and explore the root causes of your stress.\n\n8. Self Care: Set aside time to do things that make you feel good, such as reading a book, taking a warm bath, or listening to music.\n\n9. Humor: Laughter can relieve tension and help you to see the lighter side of things.\n\n10. Avoid Stress Triggers: Identify situations and people that trigger your stress and try to limit your exposure to them. \n\nIt's important to note that everyone experiences stress differently, so what may work for one person may not work for another. It is important to find your own stress-reducing methods that work best for you.", "all_data": "*****INSTRUCTION:***** What techniques help an individual lower their stress?\n\n*****OUTPUT:***** Here are some techniques that can help an individual lower their stress:\n\n1. Exercise: Regular physical activity can release feel-good endorphins and provide an outlet for frustration and tension, leading to lower stress levels.\n\n2. Relaxation Techniques: Deep-breathing exercises, meditation, and yoga are all effective ways to reduce stress levels.\n\n3. Time Management: Learning to manage your time effectively can help you avoid feeling overwhelmed and reduce stress.\n\n4. Social Support: Spending time with family, friends, or a support group can help you manage stress.\n\n5. Gratitude: Keep a gratitude journal or practice mindfulness to focus on positive aspects of your life.\n\n6. Healthy Lifestyle: Eating a balanced diet, getting enough sleep, and avoiding drugs, alcohol, and smoking can help with stress relief.\n\n7. Talk to Someone: Speaking to a therapist, counselor, or coach can provide you with an outlet to talk about your emotions and explore the root causes of your stress.\n\n8. Self Care: Set aside time to do things that make you feel good, such as reading a book, taking a warm bath, or listening to music.\n\n9. Humor: Laughter can relieve tension and help you to see the lighter side of things.\n\n10. Avoid Stress Triggers: Identify situations and people that trigger your stress and try to limit your exposure to them. \n\nIt's important to note that everyone experiences stress differently, so what may work for one person may not work for another. It is important to find your own stress-reducing methods that work best for you.\n*****QUESTION:***** If there is an explanation: Is the explanation misleading (e.g. arguing for a label that is wrong)?", "index": 111}, {"instruction": "Give an example of a situation where you can use the scientific method to find a solution.", "input": "", "output": "One situation where the scientific method can be used to find a solution is when trying to determine the most effective way to make plants grow faster. Here is an example of how the scientific method can be applied:\n\n1. Observation: You notice that some plants in your garden are growing faster than others.\n\n2. Question: You ask the question, \"What factors affect the growth rate of plants?\"\n\n3. Hypothesis: You come up with a possible explanation, such as \"The plants that are growing faster are receiving more sunlight.\"\n\n4. Experiment: To test your hypothesis, you conduct an experiment. You can set up two groups of plants, with one group receiving more sunlight than the other. You then measure the growth rates of both groups to see if there is a difference.\n\n5. Analyze data: After collecting data from your experiment, you analyze it to see if your hypothesis is supported.\n\n6. Conclusion: Based on your data analysis, you can draw a conclusion about whether or not more sunlight does indeed lead to faster plant growth.\n\nBy using the scientific method in this situation, you could potentially find an effective solution to make plants grow faster by identifying and manipulating the factors that affect growth.", "all_data": "*****INSTRUCTION:***** Give an example of a situation where you can use the scientific method to find a solution.\n\n*****OUTPUT:***** One situation where the scientific method can be used to find a solution is when trying to determine the most effective way to make plants grow faster. Here is an example of how the scientific method can be applied:\n\n1. Observation: You notice that some plants in your garden are growing faster than others.\n\n2. Question: You ask the question, \"What factors affect the growth rate of plants?\"\n\n3. Hypothesis: You come up with a possible explanation, such as \"The plants that are growing faster are receiving more sunlight.\"\n\n4. Experiment: To test your hypothesis, you conduct an experiment. You can set up two groups of plants, with one group receiving more sunlight than the other. You then measure the growth rates of both groups to see if there is a difference.\n\n5. Analyze data: After collecting data from your experiment, you analyze it to see if your hypothesis is supported.\n\n6. Conclusion: Based on your data analysis, you can draw a conclusion about whether or not more sunlight does indeed lead to faster plant growth.\n\nBy using the scientific method in this situation, you could potentially find an effective solution to make plants grow faster by identifying and manipulating the factors that affect growth.\n*****QUESTION:***** Does the output contain an explanation for the prediction?", "index": 112}, {"instruction": "Give an example of a situation where you can use the scientific method to find a solution.", "input": "", "output": "One situation where the scientific method can be used to find a solution is when trying to determine the most effective way to make plants grow faster. Here is an example of how the scientific method can be applied:\n\n1. Observation: You notice that some plants in your garden are growing faster than others.\n\n2. Question: You ask the question, \"What factors affect the growth rate of plants?\"\n\n3. Hypothesis: You come up with a possible explanation, such as \"The plants that are growing faster are receiving more sunlight.\"\n\n4. Experiment: To test your hypothesis, you conduct an experiment. You can set up two groups of plants, with one group receiving more sunlight than the other. You then measure the growth rates of both groups to see if there is a difference.\n\n5. Analyze data: After collecting data from your experiment, you analyze it to see if your hypothesis is supported.\n\n6. Conclusion: Based on your data analysis, you can draw a conclusion about whether or not more sunlight does indeed lead to faster plant growth.\n\nBy using the scientific method in this situation, you could potentially find an effective solution to make plants grow faster by identifying and manipulating the factors that affect growth.", "all_data": "*****INSTRUCTION:***** Give an example of a situation where you can use the scientific method to find a solution.\n\n*****OUTPUT:***** One situation where the scientific method can be used to find a solution is when trying to determine the most effective way to make plants grow faster. Here is an example of how the scientific method can be applied:\n\n1. Observation: You notice that some plants in your garden are growing faster than others.\n\n2. Question: You ask the question, \"What factors affect the growth rate of plants?\"\n\n3. Hypothesis: You come up with a possible explanation, such as \"The plants that are growing faster are receiving more sunlight.\"\n\n4. Experiment: To test your hypothesis, you conduct an experiment. You can set up two groups of plants, with one group receiving more sunlight than the other. You then measure the growth rates of both groups to see if there is a difference.\n\n5. Analyze data: After collecting data from your experiment, you analyze it to see if your hypothesis is supported.\n\n6. Conclusion: Based on your data analysis, you can draw a conclusion about whether or not more sunlight does indeed lead to faster plant growth.\n\nBy using the scientific method in this situation, you could potentially find an effective solution to make plants grow faster by identifying and manipulating the factors that affect growth.\n*****QUESTION:***** Would you give an explanation/justify your reasoning if you were asked this question by a friend?", "index": 113}, {"instruction": "Give an example of a situation where you can use the scientific method to find a solution.", "input": "", "output": "One situation where the scientific method can be used to find a solution is when trying to determine the most effective way to make plants grow faster. Here is an example of how the scientific method can be applied:\n\n1. Observation: You notice that some plants in your garden are growing faster than others.\n\n2. Question: You ask the question, \"What factors affect the growth rate of plants?\"\n\n3. Hypothesis: You come up with a possible explanation, such as \"The plants that are growing faster are receiving more sunlight.\"\n\n4. Experiment: To test your hypothesis, you conduct an experiment. You can set up two groups of plants, with one group receiving more sunlight than the other. You then measure the growth rates of both groups to see if there is a difference.\n\n5. Analyze data: After collecting data from your experiment, you analyze it to see if your hypothesis is supported.\n\n6. Conclusion: Based on your data analysis, you can draw a conclusion about whether or not more sunlight does indeed lead to faster plant growth.\n\nBy using the scientific method in this situation, you could potentially find an effective solution to make plants grow faster by identifying and manipulating the factors that affect growth.", "all_data": "*****INSTRUCTION:***** Give an example of a situation where you can use the scientific method to find a solution.\n\n*****OUTPUT:***** One situation where the scientific method can be used to find a solution is when trying to determine the most effective way to make plants grow faster. Here is an example of how the scientific method can be applied:\n\n1. Observation: You notice that some plants in your garden are growing faster than others.\n\n2. Question: You ask the question, \"What factors affect the growth rate of plants?\"\n\n3. Hypothesis: You come up with a possible explanation, such as \"The plants that are growing faster are receiving more sunlight.\"\n\n4. Experiment: To test your hypothesis, you conduct an experiment. You can set up two groups of plants, with one group receiving more sunlight than the other. You then measure the growth rates of both groups to see if there is a difference.\n\n5. Analyze data: After collecting data from your experiment, you analyze it to see if your hypothesis is supported.\n\n6. Conclusion: Based on your data analysis, you can draw a conclusion about whether or not more sunlight does indeed lead to faster plant growth.\n\nBy using the scientific method in this situation, you could potentially find an effective solution to make plants grow faster by identifying and manipulating the factors that affect growth.\n*****QUESTION:***** If there is an explanation: Does the explanation refer to commonsense concepts that are taken as given?", "index": 114}, {"instruction": "Give an example of a situation where you can use the scientific method to find a solution.", "input": "", "output": "One situation where the scientific method can be used to find a solution is when trying to determine the most effective way to make plants grow faster. Here is an example of how the scientific method can be applied:\n\n1. Observation: You notice that some plants in your garden are growing faster than others.\n\n2. Question: You ask the question, \"What factors affect the growth rate of plants?\"\n\n3. Hypothesis: You come up with a possible explanation, such as \"The plants that are growing faster are receiving more sunlight.\"\n\n4. Experiment: To test your hypothesis, you conduct an experiment. You can set up two groups of plants, with one group receiving more sunlight than the other. You then measure the growth rates of both groups to see if there is a difference.\n\n5. Analyze data: After collecting data from your experiment, you analyze it to see if your hypothesis is supported.\n\n6. Conclusion: Based on your data analysis, you can draw a conclusion about whether or not more sunlight does indeed lead to faster plant growth.\n\nBy using the scientific method in this situation, you could potentially find an effective solution to make plants grow faster by identifying and manipulating the factors that affect growth.", "all_data": "*****INSTRUCTION:***** Give an example of a situation where you can use the scientific method to find a solution.\n\n*****OUTPUT:***** One situation where the scientific method can be used to find a solution is when trying to determine the most effective way to make plants grow faster. Here is an example of how the scientific method can be applied:\n\n1. Observation: You notice that some plants in your garden are growing faster than others.\n\n2. Question: You ask the question, \"What factors affect the growth rate of plants?\"\n\n3. Hypothesis: You come up with a possible explanation, such as \"The plants that are growing faster are receiving more sunlight.\"\n\n4. Experiment: To test your hypothesis, you conduct an experiment. You can set up two groups of plants, with one group receiving more sunlight than the other. You then measure the growth rates of both groups to see if there is a difference.\n\n5. Analyze data: After collecting data from your experiment, you analyze it to see if your hypothesis is supported.\n\n6. Conclusion: Based on your data analysis, you can draw a conclusion about whether or not more sunlight does indeed lead to faster plant growth.\n\nBy using the scientific method in this situation, you could potentially find an effective solution to make plants grow faster by identifying and manipulating the factors that affect growth.\n*****QUESTION:***** If there is an explanation: Does the explanation list contributing factors?", "index": 115}, {"instruction": "Give an example of a situation where you can use the scientific method to find a solution.", "input": "", "output": "One situation where the scientific method can be used to find a solution is when trying to determine the most effective way to make plants grow faster. Here is an example of how the scientific method can be applied:\n\n1. Observation: You notice that some plants in your garden are growing faster than others.\n\n2. Question: You ask the question, \"What factors affect the growth rate of plants?\"\n\n3. Hypothesis: You come up with a possible explanation, such as \"The plants that are growing faster are receiving more sunlight.\"\n\n4. Experiment: To test your hypothesis, you conduct an experiment. You can set up two groups of plants, with one group receiving more sunlight than the other. You then measure the growth rates of both groups to see if there is a difference.\n\n5. Analyze data: After collecting data from your experiment, you analyze it to see if your hypothesis is supported.\n\n6. Conclusion: Based on your data analysis, you can draw a conclusion about whether or not more sunlight does indeed lead to faster plant growth.\n\nBy using the scientific method in this situation, you could potentially find an effective solution to make plants grow faster by identifying and manipulating the factors that affect growth.", "all_data": "*****INSTRUCTION:***** Give an example of a situation where you can use the scientific method to find a solution.\n\n*****OUTPUT:***** One situation where the scientific method can be used to find a solution is when trying to determine the most effective way to make plants grow faster. Here is an example of how the scientific method can be applied:\n\n1. Observation: You notice that some plants in your garden are growing faster than others.\n\n2. Question: You ask the question, \"What factors affect the growth rate of plants?\"\n\n3. Hypothesis: You come up with a possible explanation, such as \"The plants that are growing faster are receiving more sunlight.\"\n\n4. Experiment: To test your hypothesis, you conduct an experiment. You can set up two groups of plants, with one group receiving more sunlight than the other. You then measure the growth rates of both groups to see if there is a difference.\n\n5. Analyze data: After collecting data from your experiment, you analyze it to see if your hypothesis is supported.\n\n6. Conclusion: Based on your data analysis, you can draw a conclusion about whether or not more sunlight does indeed lead to faster plant growth.\n\nBy using the scientific method in this situation, you could potentially find an effective solution to make plants grow faster by identifying and manipulating the factors that affect growth.\n*****QUESTION:***** If there is an explanation: Does the explanation include subjective or biased criteria?", "index": 116}, {"instruction": "Give an example of a situation where you can use the scientific method to find a solution.", "input": "", "output": "One situation where the scientific method can be used to find a solution is when trying to determine the most effective way to make plants grow faster. Here is an example of how the scientific method can be applied:\n\n1. Observation: You notice that some plants in your garden are growing faster than others.\n\n2. Question: You ask the question, \"What factors affect the growth rate of plants?\"\n\n3. Hypothesis: You come up with a possible explanation, such as \"The plants that are growing faster are receiving more sunlight.\"\n\n4. Experiment: To test your hypothesis, you conduct an experiment. You can set up two groups of plants, with one group receiving more sunlight than the other. You then measure the growth rates of both groups to see if there is a difference.\n\n5. Analyze data: After collecting data from your experiment, you analyze it to see if your hypothesis is supported.\n\n6. Conclusion: Based on your data analysis, you can draw a conclusion about whether or not more sunlight does indeed lead to faster plant growth.\n\nBy using the scientific method in this situation, you could potentially find an effective solution to make plants grow faster by identifying and manipulating the factors that affect growth.", "all_data": "*****INSTRUCTION:***** Give an example of a situation where you can use the scientific method to find a solution.\n\n*****OUTPUT:***** One situation where the scientific method can be used to find a solution is when trying to determine the most effective way to make plants grow faster. Here is an example of how the scientific method can be applied:\n\n1. Observation: You notice that some plants in your garden are growing faster than others.\n\n2. Question: You ask the question, \"What factors affect the growth rate of plants?\"\n\n3. Hypothesis: You come up with a possible explanation, such as \"The plants that are growing faster are receiving more sunlight.\"\n\n4. Experiment: To test your hypothesis, you conduct an experiment. You can set up two groups of plants, with one group receiving more sunlight than the other. You then measure the growth rates of both groups to see if there is a difference.\n\n5. Analyze data: After collecting data from your experiment, you analyze it to see if your hypothesis is supported.\n\n6. Conclusion: Based on your data analysis, you can draw a conclusion about whether or not more sunlight does indeed lead to faster plant growth.\n\nBy using the scientific method in this situation, you could potentially find an effective solution to make plants grow faster by identifying and manipulating the factors that affect growth.\n*****QUESTION:***** If there is an explanation: Does the explanation include illustrative elements (e.g. examples)?", "index": 117}, {"instruction": "Give an example of a situation where you can use the scientific method to find a solution.", "input": "", "output": "One situation where the scientific method can be used to find a solution is when trying to determine the most effective way to make plants grow faster. Here is an example of how the scientific method can be applied:\n\n1. Observation: You notice that some plants in your garden are growing faster than others.\n\n2. Question: You ask the question, \"What factors affect the growth rate of plants?\"\n\n3. Hypothesis: You come up with a possible explanation, such as \"The plants that are growing faster are receiving more sunlight.\"\n\n4. Experiment: To test your hypothesis, you conduct an experiment. You can set up two groups of plants, with one group receiving more sunlight than the other. You then measure the growth rates of both groups to see if there is a difference.\n\n5. Analyze data: After collecting data from your experiment, you analyze it to see if your hypothesis is supported.\n\n6. Conclusion: Based on your data analysis, you can draw a conclusion about whether or not more sunlight does indeed lead to faster plant growth.\n\nBy using the scientific method in this situation, you could potentially find an effective solution to make plants grow faster by identifying and manipulating the factors that affect growth.", "all_data": "*****INSTRUCTION:***** Give an example of a situation where you can use the scientific method to find a solution.\n\n*****OUTPUT:***** One situation where the scientific method can be used to find a solution is when trying to determine the most effective way to make plants grow faster. Here is an example of how the scientific method can be applied:\n\n1. Observation: You notice that some plants in your garden are growing faster than others.\n\n2. Question: You ask the question, \"What factors affect the growth rate of plants?\"\n\n3. Hypothesis: You come up with a possible explanation, such as \"The plants that are growing faster are receiving more sunlight.\"\n\n4. Experiment: To test your hypothesis, you conduct an experiment. You can set up two groups of plants, with one group receiving more sunlight than the other. You then measure the growth rates of both groups to see if there is a difference.\n\n5. Analyze data: After collecting data from your experiment, you analyze it to see if your hypothesis is supported.\n\n6. Conclusion: Based on your data analysis, you can draw a conclusion about whether or not more sunlight does indeed lead to faster plant growth.\n\nBy using the scientific method in this situation, you could potentially find an effective solution to make plants grow faster by identifying and manipulating the factors that affect growth.\n*****QUESTION:***** If there is an explanation: Is the explanation misleading (e.g. arguing for a label that is wrong)?", "index": 118}, {"instruction": "Calculate the average of these 6 numbers: 2, 6, 9, 4, 10, 18.", "input": "", "output": "The average of the 6 numbers is calculated by adding all the numbers together and then dividing the sum by the number of elements. Therefore, the average of 2, 6, 9, 4, 10, 18 is (2 + 6 + 9 + 4 + 10 + 18) / 6 = 49/6 = 8.17.", "all_data": "*****INSTRUCTION:***** Calculate the average of these 6 numbers: 2, 6, 9, 4, 10, 18.\n\n*****OUTPUT:***** The average of the 6 numbers is calculated by adding all the numbers together and then dividing the sum by the number of elements. Therefore, the average of 2, 6, 9, 4, 10, 18 is (2 + 6 + 9 + 4 + 10 + 18) / 6 = 49/6 = 8.17.\n*****QUESTION:***** Does the output contain an explanation for the prediction?", "index": 119}, {"instruction": "Calculate the average of these 6 numbers: 2, 6, 9, 4, 10, 18.", "input": "", "output": "The average of the 6 numbers is calculated by adding all the numbers together and then dividing the sum by the number of elements. Therefore, the average of 2, 6, 9, 4, 10, 18 is (2 + 6 + 9 + 4 + 10 + 18) / 6 = 49/6 = 8.17.", "all_data": "*****INSTRUCTION:***** Calculate the average of these 6 numbers: 2, 6, 9, 4, 10, 18.\n\n*****OUTPUT:***** The average of the 6 numbers is calculated by adding all the numbers together and then dividing the sum by the number of elements. Therefore, the average of 2, 6, 9, 4, 10, 18 is (2 + 6 + 9 + 4 + 10 + 18) / 6 = 49/6 = 8.17.\n*****QUESTION:***** Would you give an explanation/justify your reasoning if you were asked this question by a friend?", "index": 120}, {"instruction": "Calculate the average of these 6 numbers: 2, 6, 9, 4, 10, 18.", "input": "", "output": "The average of the 6 numbers is calculated by adding all the numbers together and then dividing the sum by the number of elements. Therefore, the average of 2, 6, 9, 4, 10, 18 is (2 + 6 + 9 + 4 + 10 + 18) / 6 = 49/6 = 8.17.", "all_data": "*****INSTRUCTION:***** Calculate the average of these 6 numbers: 2, 6, 9, 4, 10, 18.\n\n*****OUTPUT:***** The average of the 6 numbers is calculated by adding all the numbers together and then dividing the sum by the number of elements. Therefore, the average of 2, 6, 9, 4, 10, 18 is (2 + 6 + 9 + 4 + 10 + 18) / 6 = 49/6 = 8.17.\n*****QUESTION:***** If there is an explanation: Does the explanation refer to commonsense concepts that are taken as given?", "index": 121}, {"instruction": "Calculate the average of these 6 numbers: 2, 6, 9, 4, 10, 18.", "input": "", "output": "The average of the 6 numbers is calculated by adding all the numbers together and then dividing the sum by the number of elements. Therefore, the average of 2, 6, 9, 4, 10, 18 is (2 + 6 + 9 + 4 + 10 + 18) / 6 = 49/6 = 8.17.", "all_data": "*****INSTRUCTION:***** Calculate the average of these 6 numbers: 2, 6, 9, 4, 10, 18.\n\n*****OUTPUT:***** The average of the 6 numbers is calculated by adding all the numbers together and then dividing the sum by the number of elements. Therefore, the average of 2, 6, 9, 4, 10, 18 is (2 + 6 + 9 + 4 + 10 + 18) / 6 = 49/6 = 8.17.\n*****QUESTION:***** If there is an explanation: Does the explanation list contributing factors?", "index": 122}, {"instruction": "Calculate the average of these 6 numbers: 2, 6, 9, 4, 10, 18.", "input": "", "output": "The average of the 6 numbers is calculated by adding all the numbers together and then dividing the sum by the number of elements. Therefore, the average of 2, 6, 9, 4, 10, 18 is (2 + 6 + 9 + 4 + 10 + 18) / 6 = 49/6 = 8.17.", "all_data": "*****INSTRUCTION:***** Calculate the average of these 6 numbers: 2, 6, 9, 4, 10, 18.\n\n*****OUTPUT:***** The average of the 6 numbers is calculated by adding all the numbers together and then dividing the sum by the number of elements. Therefore, the average of 2, 6, 9, 4, 10, 18 is (2 + 6 + 9 + 4 + 10 + 18) / 6 = 49/6 = 8.17.\n*****QUESTION:***** If there is an explanation: Does the explanation include subjective or biased criteria?", "index": 123}, {"instruction": "Calculate the average of these 6 numbers: 2, 6, 9, 4, 10, 18.", "input": "", "output": "The average of the 6 numbers is calculated by adding all the numbers together and then dividing the sum by the number of elements. Therefore, the average of 2, 6, 9, 4, 10, 18 is (2 + 6 + 9 + 4 + 10 + 18) / 6 = 49/6 = 8.17.", "all_data": "*****INSTRUCTION:***** Calculate the average of these 6 numbers: 2, 6, 9, 4, 10, 18.\n\n*****OUTPUT:***** The average of the 6 numbers is calculated by adding all the numbers together and then dividing the sum by the number of elements. Therefore, the average of 2, 6, 9, 4, 10, 18 is (2 + 6 + 9 + 4 + 10 + 18) / 6 = 49/6 = 8.17.\n*****QUESTION:***** If there is an explanation: Does the explanation include illustrative elements (e.g. examples)?", "index": 124}, {"instruction": "Calculate the average of these 6 numbers: 2, 6, 9, 4, 10, 18.", "input": "", "output": "The average of the 6 numbers is calculated by adding all the numbers together and then dividing the sum by the number of elements. Therefore, the average of 2, 6, 9, 4, 10, 18 is (2 + 6 + 9 + 4 + 10 + 18) / 6 = 49/6 = 8.17.", "all_data": "*****INSTRUCTION:***** Calculate the average of these 6 numbers: 2, 6, 9, 4, 10, 18.\n\n*****OUTPUT:***** The average of the 6 numbers is calculated by adding all the numbers together and then dividing the sum by the number of elements. Therefore, the average of 2, 6, 9, 4, 10, 18 is (2 + 6 + 9 + 4 + 10 + 18) / 6 = 49/6 = 8.17.\n*****QUESTION:***** If there is an explanation: Is the explanation misleading (e.g. arguing for a label that is wrong)?", "index": 125}, {"instruction": "How does the endocannabinoid system affect the immune system?", "input": "", "output": "The endocannabinoid system (ECS) is an essential regulatory system found in the body of humans and other mammals. It controls many physiological processes, including immune function.\n\nThe ECS has been found to have an immunomodulatory role, meaning that it can influence the activity of the immune system. This system is composed of endocannabinoids, enzymes responsible for their synthesis and degradation, and receptors found on cells throughout the body, including immune cells.\n\nEndocannabinoids can bind to cannabinoid receptors found on immune cells, including T cells, B cells, macrophages, and others. Upon binding, this can cause a variety of effects on immune function. For example, activation of these receptors can help regulate the production and release of cytokines, which are signaling molecules that play a role in immune response and inflammation.\n\nThe ECS also appears to play a role in regulating the balance between pro-inflammatory and anti-inflammatory processes. For example, endocannabinoids have been found to reduce the activity of pro-inflammatory cytokines while increasing the activity of anti-inflammatory cytokines.\n\nIn summary, the endocannabinoid system has a complex role in regulating immune function. By influencing the activity of immune cells and regulating the balance between pro- and anti-inflammatory processes, this system helps maintain immune homeostasis and can protect the body from harmful inflammation.", "all_data": "*****INSTRUCTION:***** How does the endocannabinoid system affect the immune system?\n\n*****OUTPUT:***** The endocannabinoid system (ECS) is an essential regulatory system found in the body of humans and other mammals. It controls many physiological processes, including immune function.\n\nThe ECS has been found to have an immunomodulatory role, meaning that it can influence the activity of the immune system. This system is composed of endocannabinoids, enzymes responsible for their synthesis and degradation, and receptors found on cells throughout the body, including immune cells.\n\nEndocannabinoids can bind to cannabinoid receptors found on immune cells, including T cells, B cells, macrophages, and others. Upon binding, this can cause a variety of effects on immune function. For example, activation of these receptors can help regulate the production and release of cytokines, which are signaling molecules that play a role in immune response and inflammation.\n\nThe ECS also appears to play a role in regulating the balance between pro-inflammatory and anti-inflammatory processes. For example, endocannabinoids have been found to reduce the activity of pro-inflammatory cytokines while increasing the activity of anti-inflammatory cytokines.\n\nIn summary, the endocannabinoid system has a complex role in regulating immune function. By influencing the activity of immune cells and regulating the balance between pro- and anti-inflammatory processes, this system helps maintain immune homeostasis and can protect the body from harmful inflammation.\n*****QUESTION:***** Does the output contain an explanation for the prediction?", "index": 126}, {"instruction": "How does the endocannabinoid system affect the immune system?", "input": "", "output": "The endocannabinoid system (ECS) is an essential regulatory system found in the body of humans and other mammals. It controls many physiological processes, including immune function.\n\nThe ECS has been found to have an immunomodulatory role, meaning that it can influence the activity of the immune system. This system is composed of endocannabinoids, enzymes responsible for their synthesis and degradation, and receptors found on cells throughout the body, including immune cells.\n\nEndocannabinoids can bind to cannabinoid receptors found on immune cells, including T cells, B cells, macrophages, and others. Upon binding, this can cause a variety of effects on immune function. For example, activation of these receptors can help regulate the production and release of cytokines, which are signaling molecules that play a role in immune response and inflammation.\n\nThe ECS also appears to play a role in regulating the balance between pro-inflammatory and anti-inflammatory processes. For example, endocannabinoids have been found to reduce the activity of pro-inflammatory cytokines while increasing the activity of anti-inflammatory cytokines.\n\nIn summary, the endocannabinoid system has a complex role in regulating immune function. By influencing the activity of immune cells and regulating the balance between pro- and anti-inflammatory processes, this system helps maintain immune homeostasis and can protect the body from harmful inflammation.", "all_data": "*****INSTRUCTION:***** How does the endocannabinoid system affect the immune system?\n\n*****OUTPUT:***** The endocannabinoid system (ECS) is an essential regulatory system found in the body of humans and other mammals. It controls many physiological processes, including immune function.\n\nThe ECS has been found to have an immunomodulatory role, meaning that it can influence the activity of the immune system. This system is composed of endocannabinoids, enzymes responsible for their synthesis and degradation, and receptors found on cells throughout the body, including immune cells.\n\nEndocannabinoids can bind to cannabinoid receptors found on immune cells, including T cells, B cells, macrophages, and others. Upon binding, this can cause a variety of effects on immune function. For example, activation of these receptors can help regulate the production and release of cytokines, which are signaling molecules that play a role in immune response and inflammation.\n\nThe ECS also appears to play a role in regulating the balance between pro-inflammatory and anti-inflammatory processes. For example, endocannabinoids have been found to reduce the activity of pro-inflammatory cytokines while increasing the activity of anti-inflammatory cytokines.\n\nIn summary, the endocannabinoid system has a complex role in regulating immune function. By influencing the activity of immune cells and regulating the balance between pro- and anti-inflammatory processes, this system helps maintain immune homeostasis and can protect the body from harmful inflammation.\n*****QUESTION:***** Would you give an explanation/justify your reasoning if you were asked this question by a friend?", "index": 127}, {"instruction": "How does the endocannabinoid system affect the immune system?", "input": "", "output": "The endocannabinoid system (ECS) is an essential regulatory system found in the body of humans and other mammals. It controls many physiological processes, including immune function.\n\nThe ECS has been found to have an immunomodulatory role, meaning that it can influence the activity of the immune system. This system is composed of endocannabinoids, enzymes responsible for their synthesis and degradation, and receptors found on cells throughout the body, including immune cells.\n\nEndocannabinoids can bind to cannabinoid receptors found on immune cells, including T cells, B cells, macrophages, and others. Upon binding, this can cause a variety of effects on immune function. For example, activation of these receptors can help regulate the production and release of cytokines, which are signaling molecules that play a role in immune response and inflammation.\n\nThe ECS also appears to play a role in regulating the balance between pro-inflammatory and anti-inflammatory processes. For example, endocannabinoids have been found to reduce the activity of pro-inflammatory cytokines while increasing the activity of anti-inflammatory cytokines.\n\nIn summary, the endocannabinoid system has a complex role in regulating immune function. By influencing the activity of immune cells and regulating the balance between pro- and anti-inflammatory processes, this system helps maintain immune homeostasis and can protect the body from harmful inflammation.", "all_data": "*****INSTRUCTION:***** How does the endocannabinoid system affect the immune system?\n\n*****OUTPUT:***** The endocannabinoid system (ECS) is an essential regulatory system found in the body of humans and other mammals. It controls many physiological processes, including immune function.\n\nThe ECS has been found to have an immunomodulatory role, meaning that it can influence the activity of the immune system. This system is composed of endocannabinoids, enzymes responsible for their synthesis and degradation, and receptors found on cells throughout the body, including immune cells.\n\nEndocannabinoids can bind to cannabinoid receptors found on immune cells, including T cells, B cells, macrophages, and others. Upon binding, this can cause a variety of effects on immune function. For example, activation of these receptors can help regulate the production and release of cytokines, which are signaling molecules that play a role in immune response and inflammation.\n\nThe ECS also appears to play a role in regulating the balance between pro-inflammatory and anti-inflammatory processes. For example, endocannabinoids have been found to reduce the activity of pro-inflammatory cytokines while increasing the activity of anti-inflammatory cytokines.\n\nIn summary, the endocannabinoid system has a complex role in regulating immune function. By influencing the activity of immune cells and regulating the balance between pro- and anti-inflammatory processes, this system helps maintain immune homeostasis and can protect the body from harmful inflammation.\n*****QUESTION:***** If there is an explanation: Does the explanation refer to commonsense concepts that are taken as given?", "index": 128}, {"instruction": "How does the endocannabinoid system affect the immune system?", "input": "", "output": "The endocannabinoid system (ECS) is an essential regulatory system found in the body of humans and other mammals. It controls many physiological processes, including immune function.\n\nThe ECS has been found to have an immunomodulatory role, meaning that it can influence the activity of the immune system. This system is composed of endocannabinoids, enzymes responsible for their synthesis and degradation, and receptors found on cells throughout the body, including immune cells.\n\nEndocannabinoids can bind to cannabinoid receptors found on immune cells, including T cells, B cells, macrophages, and others. Upon binding, this can cause a variety of effects on immune function. For example, activation of these receptors can help regulate the production and release of cytokines, which are signaling molecules that play a role in immune response and inflammation.\n\nThe ECS also appears to play a role in regulating the balance between pro-inflammatory and anti-inflammatory processes. For example, endocannabinoids have been found to reduce the activity of pro-inflammatory cytokines while increasing the activity of anti-inflammatory cytokines.\n\nIn summary, the endocannabinoid system has a complex role in regulating immune function. By influencing the activity of immune cells and regulating the balance between pro- and anti-inflammatory processes, this system helps maintain immune homeostasis and can protect the body from harmful inflammation.", "all_data": "*****INSTRUCTION:***** How does the endocannabinoid system affect the immune system?\n\n*****OUTPUT:***** The endocannabinoid system (ECS) is an essential regulatory system found in the body of humans and other mammals. It controls many physiological processes, including immune function.\n\nThe ECS has been found to have an immunomodulatory role, meaning that it can influence the activity of the immune system. This system is composed of endocannabinoids, enzymes responsible for their synthesis and degradation, and receptors found on cells throughout the body, including immune cells.\n\nEndocannabinoids can bind to cannabinoid receptors found on immune cells, including T cells, B cells, macrophages, and others. Upon binding, this can cause a variety of effects on immune function. For example, activation of these receptors can help regulate the production and release of cytokines, which are signaling molecules that play a role in immune response and inflammation.\n\nThe ECS also appears to play a role in regulating the balance between pro-inflammatory and anti-inflammatory processes. For example, endocannabinoids have been found to reduce the activity of pro-inflammatory cytokines while increasing the activity of anti-inflammatory cytokines.\n\nIn summary, the endocannabinoid system has a complex role in regulating immune function. By influencing the activity of immune cells and regulating the balance between pro- and anti-inflammatory processes, this system helps maintain immune homeostasis and can protect the body from harmful inflammation.\n*****QUESTION:***** If there is an explanation: Does the explanation list contributing factors?", "index": 129}, {"instruction": "How does the endocannabinoid system affect the immune system?", "input": "", "output": "The endocannabinoid system (ECS) is an essential regulatory system found in the body of humans and other mammals. It controls many physiological processes, including immune function.\n\nThe ECS has been found to have an immunomodulatory role, meaning that it can influence the activity of the immune system. This system is composed of endocannabinoids, enzymes responsible for their synthesis and degradation, and receptors found on cells throughout the body, including immune cells.\n\nEndocannabinoids can bind to cannabinoid receptors found on immune cells, including T cells, B cells, macrophages, and others. Upon binding, this can cause a variety of effects on immune function. For example, activation of these receptors can help regulate the production and release of cytokines, which are signaling molecules that play a role in immune response and inflammation.\n\nThe ECS also appears to play a role in regulating the balance between pro-inflammatory and anti-inflammatory processes. For example, endocannabinoids have been found to reduce the activity of pro-inflammatory cytokines while increasing the activity of anti-inflammatory cytokines.\n\nIn summary, the endocannabinoid system has a complex role in regulating immune function. By influencing the activity of immune cells and regulating the balance between pro- and anti-inflammatory processes, this system helps maintain immune homeostasis and can protect the body from harmful inflammation.", "all_data": "*****INSTRUCTION:***** How does the endocannabinoid system affect the immune system?\n\n*****OUTPUT:***** The endocannabinoid system (ECS) is an essential regulatory system found in the body of humans and other mammals. It controls many physiological processes, including immune function.\n\nThe ECS has been found to have an immunomodulatory role, meaning that it can influence the activity of the immune system. This system is composed of endocannabinoids, enzymes responsible for their synthesis and degradation, and receptors found on cells throughout the body, including immune cells.\n\nEndocannabinoids can bind to cannabinoid receptors found on immune cells, including T cells, B cells, macrophages, and others. Upon binding, this can cause a variety of effects on immune function. For example, activation of these receptors can help regulate the production and release of cytokines, which are signaling molecules that play a role in immune response and inflammation.\n\nThe ECS also appears to play a role in regulating the balance between pro-inflammatory and anti-inflammatory processes. For example, endocannabinoids have been found to reduce the activity of pro-inflammatory cytokines while increasing the activity of anti-inflammatory cytokines.\n\nIn summary, the endocannabinoid system has a complex role in regulating immune function. By influencing the activity of immune cells and regulating the balance between pro- and anti-inflammatory processes, this system helps maintain immune homeostasis and can protect the body from harmful inflammation.\n*****QUESTION:***** If there is an explanation: Does the explanation include subjective or biased criteria?", "index": 130}, {"instruction": "How does the endocannabinoid system affect the immune system?", "input": "", "output": "The endocannabinoid system (ECS) is an essential regulatory system found in the body of humans and other mammals. It controls many physiological processes, including immune function.\n\nThe ECS has been found to have an immunomodulatory role, meaning that it can influence the activity of the immune system. This system is composed of endocannabinoids, enzymes responsible for their synthesis and degradation, and receptors found on cells throughout the body, including immune cells.\n\nEndocannabinoids can bind to cannabinoid receptors found on immune cells, including T cells, B cells, macrophages, and others. Upon binding, this can cause a variety of effects on immune function. For example, activation of these receptors can help regulate the production and release of cytokines, which are signaling molecules that play a role in immune response and inflammation.\n\nThe ECS also appears to play a role in regulating the balance between pro-inflammatory and anti-inflammatory processes. For example, endocannabinoids have been found to reduce the activity of pro-inflammatory cytokines while increasing the activity of anti-inflammatory cytokines.\n\nIn summary, the endocannabinoid system has a complex role in regulating immune function. By influencing the activity of immune cells and regulating the balance between pro- and anti-inflammatory processes, this system helps maintain immune homeostasis and can protect the body from harmful inflammation.", "all_data": "*****INSTRUCTION:***** How does the endocannabinoid system affect the immune system?\n\n*****OUTPUT:***** The endocannabinoid system (ECS) is an essential regulatory system found in the body of humans and other mammals. It controls many physiological processes, including immune function.\n\nThe ECS has been found to have an immunomodulatory role, meaning that it can influence the activity of the immune system. This system is composed of endocannabinoids, enzymes responsible for their synthesis and degradation, and receptors found on cells throughout the body, including immune cells.\n\nEndocannabinoids can bind to cannabinoid receptors found on immune cells, including T cells, B cells, macrophages, and others. Upon binding, this can cause a variety of effects on immune function. For example, activation of these receptors can help regulate the production and release of cytokines, which are signaling molecules that play a role in immune response and inflammation.\n\nThe ECS also appears to play a role in regulating the balance between pro-inflammatory and anti-inflammatory processes. For example, endocannabinoids have been found to reduce the activity of pro-inflammatory cytokines while increasing the activity of anti-inflammatory cytokines.\n\nIn summary, the endocannabinoid system has a complex role in regulating immune function. By influencing the activity of immune cells and regulating the balance between pro- and anti-inflammatory processes, this system helps maintain immune homeostasis and can protect the body from harmful inflammation.\n*****QUESTION:***** If there is an explanation: Does the explanation include illustrative elements (e.g. examples)?", "index": 131}, {"instruction": "How does the endocannabinoid system affect the immune system?", "input": "", "output": "The endocannabinoid system (ECS) is an essential regulatory system found in the body of humans and other mammals. It controls many physiological processes, including immune function.\n\nThe ECS has been found to have an immunomodulatory role, meaning that it can influence the activity of the immune system. This system is composed of endocannabinoids, enzymes responsible for their synthesis and degradation, and receptors found on cells throughout the body, including immune cells.\n\nEndocannabinoids can bind to cannabinoid receptors found on immune cells, including T cells, B cells, macrophages, and others. Upon binding, this can cause a variety of effects on immune function. For example, activation of these receptors can help regulate the production and release of cytokines, which are signaling molecules that play a role in immune response and inflammation.\n\nThe ECS also appears to play a role in regulating the balance between pro-inflammatory and anti-inflammatory processes. For example, endocannabinoids have been found to reduce the activity of pro-inflammatory cytokines while increasing the activity of anti-inflammatory cytokines.\n\nIn summary, the endocannabinoid system has a complex role in regulating immune function. By influencing the activity of immune cells and regulating the balance between pro- and anti-inflammatory processes, this system helps maintain immune homeostasis and can protect the body from harmful inflammation.", "all_data": "*****INSTRUCTION:***** How does the endocannabinoid system affect the immune system?\n\n*****OUTPUT:***** The endocannabinoid system (ECS) is an essential regulatory system found in the body of humans and other mammals. It controls many physiological processes, including immune function.\n\nThe ECS has been found to have an immunomodulatory role, meaning that it can influence the activity of the immune system. This system is composed of endocannabinoids, enzymes responsible for their synthesis and degradation, and receptors found on cells throughout the body, including immune cells.\n\nEndocannabinoids can bind to cannabinoid receptors found on immune cells, including T cells, B cells, macrophages, and others. Upon binding, this can cause a variety of effects on immune function. For example, activation of these receptors can help regulate the production and release of cytokines, which are signaling molecules that play a role in immune response and inflammation.\n\nThe ECS also appears to play a role in regulating the balance between pro-inflammatory and anti-inflammatory processes. For example, endocannabinoids have been found to reduce the activity of pro-inflammatory cytokines while increasing the activity of anti-inflammatory cytokines.\n\nIn summary, the endocannabinoid system has a complex role in regulating immune function. By influencing the activity of immune cells and regulating the balance between pro- and anti-inflammatory processes, this system helps maintain immune homeostasis and can protect the body from harmful inflammation.\n*****QUESTION:***** If there is an explanation: Is the explanation misleading (e.g. arguing for a label that is wrong)?", "index": 132}, {"instruction": "Create a list of steps to take in order to keep a computer secure.", "input": "", "output": "1. Install reputable anti-virus software and keep it updated.\n2. Use a strong, unique password for your computer login, and change it regularly.\n3. Keep your computer's operating system and software up-to-date with the latest security patches and updates.\n4. Avoid clicking on suspicious or unknown links, and only download software from reputable sources.\n5. Use a firewall to block unauthorized access to your computer.\n6. Be cautious when using public WiFi, and avoid accessing sensitive information over an unsecured connection.\n7. Don't share personal information online or via email, and be cautious of phishing scams.\n8. Regularly backup important files and data to an external hard drive or cloud storage.\n9. Limit your online exposure by using privacy settings on social media and browsing the web in private mode.\n10. Educate yourself about cyber security best practices and stay informed about the latest threats and trends.", "all_data": "*****INSTRUCTION:***** Create a list of steps to take in order to keep a computer secure.\n\n*****OUTPUT:***** 1. Install reputable anti-virus software and keep it updated.\n2. Use a strong, unique password for your computer login, and change it regularly.\n3. Keep your computer's operating system and software up-to-date with the latest security patches and updates.\n4. Avoid clicking on suspicious or unknown links, and only download software from reputable sources.\n5. Use a firewall to block unauthorized access to your computer.\n6. Be cautious when using public WiFi, and avoid accessing sensitive information over an unsecured connection.\n7. Don't share personal information online or via email, and be cautious of phishing scams.\n8. Regularly backup important files and data to an external hard drive or cloud storage.\n9. Limit your online exposure by using privacy settings on social media and browsing the web in private mode.\n10. Educate yourself about cyber security best practices and stay informed about the latest threats and trends.\n*****QUESTION:***** Does the output contain an explanation for the prediction?", "index": 133}, {"instruction": "Create a list of steps to take in order to keep a computer secure.", "input": "", "output": "1. Install reputable anti-virus software and keep it updated.\n2. Use a strong, unique password for your computer login, and change it regularly.\n3. Keep your computer's operating system and software up-to-date with the latest security patches and updates.\n4. Avoid clicking on suspicious or unknown links, and only download software from reputable sources.\n5. Use a firewall to block unauthorized access to your computer.\n6. Be cautious when using public WiFi, and avoid accessing sensitive information over an unsecured connection.\n7. Don't share personal information online or via email, and be cautious of phishing scams.\n8. Regularly backup important files and data to an external hard drive or cloud storage.\n9. Limit your online exposure by using privacy settings on social media and browsing the web in private mode.\n10. Educate yourself about cyber security best practices and stay informed about the latest threats and trends.", "all_data": "*****INSTRUCTION:***** Create a list of steps to take in order to keep a computer secure.\n\n*****OUTPUT:***** 1. Install reputable anti-virus software and keep it updated.\n2. Use a strong, unique password for your computer login, and change it regularly.\n3. Keep your computer's operating system and software up-to-date with the latest security patches and updates.\n4. Avoid clicking on suspicious or unknown links, and only download software from reputable sources.\n5. Use a firewall to block unauthorized access to your computer.\n6. Be cautious when using public WiFi, and avoid accessing sensitive information over an unsecured connection.\n7. Don't share personal information online or via email, and be cautious of phishing scams.\n8. Regularly backup important files and data to an external hard drive or cloud storage.\n9. Limit your online exposure by using privacy settings on social media and browsing the web in private mode.\n10. Educate yourself about cyber security best practices and stay informed about the latest threats and trends.\n*****QUESTION:***** Would you give an explanation/justify your reasoning if you were asked this question by a friend?", "index": 134}, {"instruction": "Create a list of steps to take in order to keep a computer secure.", "input": "", "output": "1. Install reputable anti-virus software and keep it updated.\n2. Use a strong, unique password for your computer login, and change it regularly.\n3. Keep your computer's operating system and software up-to-date with the latest security patches and updates.\n4. Avoid clicking on suspicious or unknown links, and only download software from reputable sources.\n5. Use a firewall to block unauthorized access to your computer.\n6. Be cautious when using public WiFi, and avoid accessing sensitive information over an unsecured connection.\n7. Don't share personal information online or via email, and be cautious of phishing scams.\n8. Regularly backup important files and data to an external hard drive or cloud storage.\n9. Limit your online exposure by using privacy settings on social media and browsing the web in private mode.\n10. Educate yourself about cyber security best practices and stay informed about the latest threats and trends.", "all_data": "*****INSTRUCTION:***** Create a list of steps to take in order to keep a computer secure.\n\n*****OUTPUT:***** 1. Install reputable anti-virus software and keep it updated.\n2. Use a strong, unique password for your computer login, and change it regularly.\n3. Keep your computer's operating system and software up-to-date with the latest security patches and updates.\n4. Avoid clicking on suspicious or unknown links, and only download software from reputable sources.\n5. Use a firewall to block unauthorized access to your computer.\n6. Be cautious when using public WiFi, and avoid accessing sensitive information over an unsecured connection.\n7. Don't share personal information online or via email, and be cautious of phishing scams.\n8. Regularly backup important files and data to an external hard drive or cloud storage.\n9. Limit your online exposure by using privacy settings on social media and browsing the web in private mode.\n10. Educate yourself about cyber security best practices and stay informed about the latest threats and trends.\n*****QUESTION:***** If there is an explanation: Does the explanation refer to commonsense concepts that are taken as given?", "index": 135}, {"instruction": "Create a list of steps to take in order to keep a computer secure.", "input": "", "output": "1. Install reputable anti-virus software and keep it updated.\n2. Use a strong, unique password for your computer login, and change it regularly.\n3. Keep your computer's operating system and software up-to-date with the latest security patches and updates.\n4. Avoid clicking on suspicious or unknown links, and only download software from reputable sources.\n5. Use a firewall to block unauthorized access to your computer.\n6. Be cautious when using public WiFi, and avoid accessing sensitive information over an unsecured connection.\n7. Don't share personal information online or via email, and be cautious of phishing scams.\n8. Regularly backup important files and data to an external hard drive or cloud storage.\n9. Limit your online exposure by using privacy settings on social media and browsing the web in private mode.\n10. Educate yourself about cyber security best practices and stay informed about the latest threats and trends.", "all_data": "*****INSTRUCTION:***** Create a list of steps to take in order to keep a computer secure.\n\n*****OUTPUT:***** 1. Install reputable anti-virus software and keep it updated.\n2. Use a strong, unique password for your computer login, and change it regularly.\n3. Keep your computer's operating system and software up-to-date with the latest security patches and updates.\n4. Avoid clicking on suspicious or unknown links, and only download software from reputable sources.\n5. Use a firewall to block unauthorized access to your computer.\n6. Be cautious when using public WiFi, and avoid accessing sensitive information over an unsecured connection.\n7. Don't share personal information online or via email, and be cautious of phishing scams.\n8. Regularly backup important files and data to an external hard drive or cloud storage.\n9. Limit your online exposure by using privacy settings on social media and browsing the web in private mode.\n10. Educate yourself about cyber security best practices and stay informed about the latest threats and trends.\n*****QUESTION:***** If there is an explanation: Does the explanation list contributing factors?", "index": 136}, {"instruction": "Create a list of steps to take in order to keep a computer secure.", "input": "", "output": "1. Install reputable anti-virus software and keep it updated.\n2. Use a strong, unique password for your computer login, and change it regularly.\n3. Keep your computer's operating system and software up-to-date with the latest security patches and updates.\n4. Avoid clicking on suspicious or unknown links, and only download software from reputable sources.\n5. Use a firewall to block unauthorized access to your computer.\n6. Be cautious when using public WiFi, and avoid accessing sensitive information over an unsecured connection.\n7. Don't share personal information online or via email, and be cautious of phishing scams.\n8. Regularly backup important files and data to an external hard drive or cloud storage.\n9. Limit your online exposure by using privacy settings on social media and browsing the web in private mode.\n10. Educate yourself about cyber security best practices and stay informed about the latest threats and trends.", "all_data": "*****INSTRUCTION:***** Create a list of steps to take in order to keep a computer secure.\n\n*****OUTPUT:***** 1. Install reputable anti-virus software and keep it updated.\n2. Use a strong, unique password for your computer login, and change it regularly.\n3. Keep your computer's operating system and software up-to-date with the latest security patches and updates.\n4. Avoid clicking on suspicious or unknown links, and only download software from reputable sources.\n5. Use a firewall to block unauthorized access to your computer.\n6. Be cautious when using public WiFi, and avoid accessing sensitive information over an unsecured connection.\n7. Don't share personal information online or via email, and be cautious of phishing scams.\n8. Regularly backup important files and data to an external hard drive or cloud storage.\n9. Limit your online exposure by using privacy settings on social media and browsing the web in private mode.\n10. Educate yourself about cyber security best practices and stay informed about the latest threats and trends.\n*****QUESTION:***** If there is an explanation: Does the explanation include subjective or biased criteria?", "index": 137}, {"instruction": "Create a list of steps to take in order to keep a computer secure.", "input": "", "output": "1. Install reputable anti-virus software and keep it updated.\n2. Use a strong, unique password for your computer login, and change it regularly.\n3. Keep your computer's operating system and software up-to-date with the latest security patches and updates.\n4. Avoid clicking on suspicious or unknown links, and only download software from reputable sources.\n5. Use a firewall to block unauthorized access to your computer.\n6. Be cautious when using public WiFi, and avoid accessing sensitive information over an unsecured connection.\n7. Don't share personal information online or via email, and be cautious of phishing scams.\n8. Regularly backup important files and data to an external hard drive or cloud storage.\n9. Limit your online exposure by using privacy settings on social media and browsing the web in private mode.\n10. Educate yourself about cyber security best practices and stay informed about the latest threats and trends.", "all_data": "*****INSTRUCTION:***** Create a list of steps to take in order to keep a computer secure.\n\n*****OUTPUT:***** 1. Install reputable anti-virus software and keep it updated.\n2. Use a strong, unique password for your computer login, and change it regularly.\n3. Keep your computer's operating system and software up-to-date with the latest security patches and updates.\n4. Avoid clicking on suspicious or unknown links, and only download software from reputable sources.\n5. Use a firewall to block unauthorized access to your computer.\n6. Be cautious when using public WiFi, and avoid accessing sensitive information over an unsecured connection.\n7. Don't share personal information online or via email, and be cautious of phishing scams.\n8. Regularly backup important files and data to an external hard drive or cloud storage.\n9. Limit your online exposure by using privacy settings on social media and browsing the web in private mode.\n10. Educate yourself about cyber security best practices and stay informed about the latest threats and trends.\n*****QUESTION:***** If there is an explanation: Does the explanation include illustrative elements (e.g. examples)?", "index": 138}, {"instruction": "Create a list of steps to take in order to keep a computer secure.", "input": "", "output": "1. Install reputable anti-virus software and keep it updated.\n2. Use a strong, unique password for your computer login, and change it regularly.\n3. Keep your computer's operating system and software up-to-date with the latest security patches and updates.\n4. Avoid clicking on suspicious or unknown links, and only download software from reputable sources.\n5. Use a firewall to block unauthorized access to your computer.\n6. Be cautious when using public WiFi, and avoid accessing sensitive information over an unsecured connection.\n7. Don't share personal information online or via email, and be cautious of phishing scams.\n8. Regularly backup important files and data to an external hard drive or cloud storage.\n9. Limit your online exposure by using privacy settings on social media and browsing the web in private mode.\n10. Educate yourself about cyber security best practices and stay informed about the latest threats and trends.", "all_data": "*****INSTRUCTION:***** Create a list of steps to take in order to keep a computer secure.\n\n*****OUTPUT:***** 1. Install reputable anti-virus software and keep it updated.\n2. Use a strong, unique password for your computer login, and change it regularly.\n3. Keep your computer's operating system and software up-to-date with the latest security patches and updates.\n4. Avoid clicking on suspicious or unknown links, and only download software from reputable sources.\n5. Use a firewall to block unauthorized access to your computer.\n6. Be cautious when using public WiFi, and avoid accessing sensitive information over an unsecured connection.\n7. Don't share personal information online or via email, and be cautious of phishing scams.\n8. Regularly backup important files and data to an external hard drive or cloud storage.\n9. Limit your online exposure by using privacy settings on social media and browsing the web in private mode.\n10. Educate yourself about cyber security best practices and stay informed about the latest threats and trends.\n*****QUESTION:***** If there is an explanation: Is the explanation misleading (e.g. arguing for a label that is wrong)?", "index": 139}, {"instruction": "How would you classify the genre of the following book?", "input": "The book is a thrilling adventure set in an apocalyptic future", "output": "Based on the description provided, I would classify the genre of the book as Science Fiction or Post-Apocalyptic Adventure.", "all_data": "*****INSTRUCTION:***** How would you classify the genre of the following book?\nThe book is a thrilling adventure set in an apocalyptic future\n*****OUTPUT:***** Based on the description provided, I would classify the genre of the book as Science Fiction or Post-Apocalyptic Adventure.\n*****QUESTION:***** Does the output contain an explanation for the prediction?", "index": 140}, {"instruction": "How would you classify the genre of the following book?", "input": "The book is a thrilling adventure set in an apocalyptic future", "output": "Based on the description provided, I would classify the genre of the book as Science Fiction or Post-Apocalyptic Adventure.", "all_data": "*****INSTRUCTION:***** How would you classify the genre of the following book?\nThe book is a thrilling adventure set in an apocalyptic future\n*****OUTPUT:***** Based on the description provided, I would classify the genre of the book as Science Fiction or Post-Apocalyptic Adventure.\n*****QUESTION:***** Would you give an explanation/justify your reasoning if you were asked this question by a friend?", "index": 141}, {"instruction": "How would you classify the genre of the following book?", "input": "The book is a thrilling adventure set in an apocalyptic future", "output": "Based on the description provided, I would classify the genre of the book as Science Fiction or Post-Apocalyptic Adventure.", "all_data": "*****INSTRUCTION:***** How would you classify the genre of the following book?\nThe book is a thrilling adventure set in an apocalyptic future\n*****OUTPUT:***** Based on the description provided, I would classify the genre of the book as Science Fiction or Post-Apocalyptic Adventure.\n*****QUESTION:***** If there is an explanation: Does the explanation refer to commonsense concepts that are taken as given?", "index": 142}, {"instruction": "How would you classify the genre of the following book?", "input": "The book is a thrilling adventure set in an apocalyptic future", "output": "Based on the description provided, I would classify the genre of the book as Science Fiction or Post-Apocalyptic Adventure.", "all_data": "*****INSTRUCTION:***** How would you classify the genre of the following book?\nThe book is a thrilling adventure set in an apocalyptic future\n*****OUTPUT:***** Based on the description provided, I would classify the genre of the book as Science Fiction or Post-Apocalyptic Adventure.\n*****QUESTION:***** If there is an explanation: Does the explanation list contributing factors?", "index": 143}, {"instruction": "How would you classify the genre of the following book?", "input": "The book is a thrilling adventure set in an apocalyptic future", "output": "Based on the description provided, I would classify the genre of the book as Science Fiction or Post-Apocalyptic Adventure.", "all_data": "*****INSTRUCTION:***** How would you classify the genre of the following book?\nThe book is a thrilling adventure set in an apocalyptic future\n*****OUTPUT:***** Based on the description provided, I would classify the genre of the book as Science Fiction or Post-Apocalyptic Adventure.\n*****QUESTION:***** If there is an explanation: Does the explanation include subjective or biased criteria?", "index": 144}, {"instruction": "How would you classify the genre of the following book?", "input": "The book is a thrilling adventure set in an apocalyptic future", "output": "Based on the description provided, I would classify the genre of the book as Science Fiction or Post-Apocalyptic Adventure.", "all_data": "*****INSTRUCTION:***** How would you classify the genre of the following book?\nThe book is a thrilling adventure set in an apocalyptic future\n*****OUTPUT:***** Based on the description provided, I would classify the genre of the book as Science Fiction or Post-Apocalyptic Adventure.\n*****QUESTION:***** If there is an explanation: Does the explanation include illustrative elements (e.g. examples)?", "index": 145}, {"instruction": "How would you classify the genre of the following book?", "input": "The book is a thrilling adventure set in an apocalyptic future", "output": "Based on the description provided, I would classify the genre of the book as Science Fiction or Post-Apocalyptic Adventure.", "all_data": "*****INSTRUCTION:***** How would you classify the genre of the following book?\nThe book is a thrilling adventure set in an apocalyptic future\n*****OUTPUT:***** Based on the description provided, I would classify the genre of the book as Science Fiction or Post-Apocalyptic Adventure.\n*****QUESTION:***** If there is an explanation: Is the explanation misleading (e.g. arguing for a label that is wrong)?", "index": 146}, {"instruction": "Give two examples of a situation in which you would expect someone to take a stand.", "input": "", "output": "1. A situation where an individual might take a stand is when they witness unfair discrimination happening in their workplace. For example, if an employee is treated unfairly or bullied by a colleague because of their race, religion, or sexual orientation, a person who believes in equality and respect may feel the need to stand up for the victim by reporting the incident to a higher authority, or by confronting the perpetrator to let them know that their behavior is unacceptable.\n\n2. Another situation where someone might take a stand is in defense of the environment. For example, if a community member learns that a company is planning to build a factory in a local park that would result in the destruction of natural habitats and pollution of the air and water, they might feel compelled to take a stand against it. They might do this by protesting, organizing a petition, or speaking out at a city council meeting to make their voice heard and to protect the environment.", "all_data": "*****INSTRUCTION:***** Give two examples of a situation in which you would expect someone to take a stand.\n\n*****OUTPUT:***** 1. A situation where an individual might take a stand is when they witness unfair discrimination happening in their workplace. For example, if an employee is treated unfairly or bullied by a colleague because of their race, religion, or sexual orientation, a person who believes in equality and respect may feel the need to stand up for the victim by reporting the incident to a higher authority, or by confronting the perpetrator to let them know that their behavior is unacceptable.\n\n2. Another situation where someone might take a stand is in defense of the environment. For example, if a community member learns that a company is planning to build a factory in a local park that would result in the destruction of natural habitats and pollution of the air and water, they might feel compelled to take a stand against it. They might do this by protesting, organizing a petition, or speaking out at a city council meeting to make their voice heard and to protect the environment.\n*****QUESTION:***** Does the output contain an explanation for the prediction?", "index": 147}, {"instruction": "Give two examples of a situation in which you would expect someone to take a stand.", "input": "", "output": "1. A situation where an individual might take a stand is when they witness unfair discrimination happening in their workplace. For example, if an employee is treated unfairly or bullied by a colleague because of their race, religion, or sexual orientation, a person who believes in equality and respect may feel the need to stand up for the victim by reporting the incident to a higher authority, or by confronting the perpetrator to let them know that their behavior is unacceptable.\n\n2. Another situation where someone might take a stand is in defense of the environment. For example, if a community member learns that a company is planning to build a factory in a local park that would result in the destruction of natural habitats and pollution of the air and water, they might feel compelled to take a stand against it. They might do this by protesting, organizing a petition, or speaking out at a city council meeting to make their voice heard and to protect the environment.", "all_data": "*****INSTRUCTION:***** Give two examples of a situation in which you would expect someone to take a stand.\n\n*****OUTPUT:***** 1. A situation where an individual might take a stand is when they witness unfair discrimination happening in their workplace. For example, if an employee is treated unfairly or bullied by a colleague because of their race, religion, or sexual orientation, a person who believes in equality and respect may feel the need to stand up for the victim by reporting the incident to a higher authority, or by confronting the perpetrator to let them know that their behavior is unacceptable.\n\n2. Another situation where someone might take a stand is in defense of the environment. For example, if a community member learns that a company is planning to build a factory in a local park that would result in the destruction of natural habitats and pollution of the air and water, they might feel compelled to take a stand against it. They might do this by protesting, organizing a petition, or speaking out at a city council meeting to make their voice heard and to protect the environment.\n*****QUESTION:***** Would you give an explanation/justify your reasoning if you were asked this question by a friend?", "index": 148}, {"instruction": "Give two examples of a situation in which you would expect someone to take a stand.", "input": "", "output": "1. A situation where an individual might take a stand is when they witness unfair discrimination happening in their workplace. For example, if an employee is treated unfairly or bullied by a colleague because of their race, religion, or sexual orientation, a person who believes in equality and respect may feel the need to stand up for the victim by reporting the incident to a higher authority, or by confronting the perpetrator to let them know that their behavior is unacceptable.\n\n2. Another situation where someone might take a stand is in defense of the environment. For example, if a community member learns that a company is planning to build a factory in a local park that would result in the destruction of natural habitats and pollution of the air and water, they might feel compelled to take a stand against it. They might do this by protesting, organizing a petition, or speaking out at a city council meeting to make their voice heard and to protect the environment.", "all_data": "*****INSTRUCTION:***** Give two examples of a situation in which you would expect someone to take a stand.\n\n*****OUTPUT:***** 1. A situation where an individual might take a stand is when they witness unfair discrimination happening in their workplace. For example, if an employee is treated unfairly or bullied by a colleague because of their race, religion, or sexual orientation, a person who believes in equality and respect may feel the need to stand up for the victim by reporting the incident to a higher authority, or by confronting the perpetrator to let them know that their behavior is unacceptable.\n\n2. Another situation where someone might take a stand is in defense of the environment. For example, if a community member learns that a company is planning to build a factory in a local park that would result in the destruction of natural habitats and pollution of the air and water, they might feel compelled to take a stand against it. They might do this by protesting, organizing a petition, or speaking out at a city council meeting to make their voice heard and to protect the environment.\n*****QUESTION:***** If there is an explanation: Does the explanation refer to commonsense concepts that are taken as given?", "index": 149}, {"instruction": "Give two examples of a situation in which you would expect someone to take a stand.", "input": "", "output": "1. A situation where an individual might take a stand is when they witness unfair discrimination happening in their workplace. For example, if an employee is treated unfairly or bullied by a colleague because of their race, religion, or sexual orientation, a person who believes in equality and respect may feel the need to stand up for the victim by reporting the incident to a higher authority, or by confronting the perpetrator to let them know that their behavior is unacceptable.\n\n2. Another situation where someone might take a stand is in defense of the environment. For example, if a community member learns that a company is planning to build a factory in a local park that would result in the destruction of natural habitats and pollution of the air and water, they might feel compelled to take a stand against it. They might do this by protesting, organizing a petition, or speaking out at a city council meeting to make their voice heard and to protect the environment.", "all_data": "*****INSTRUCTION:***** Give two examples of a situation in which you would expect someone to take a stand.\n\n*****OUTPUT:***** 1. A situation where an individual might take a stand is when they witness unfair discrimination happening in their workplace. For example, if an employee is treated unfairly or bullied by a colleague because of their race, religion, or sexual orientation, a person who believes in equality and respect may feel the need to stand up for the victim by reporting the incident to a higher authority, or by confronting the perpetrator to let them know that their behavior is unacceptable.\n\n2. Another situation where someone might take a stand is in defense of the environment. For example, if a community member learns that a company is planning to build a factory in a local park that would result in the destruction of natural habitats and pollution of the air and water, they might feel compelled to take a stand against it. They might do this by protesting, organizing a petition, or speaking out at a city council meeting to make their voice heard and to protect the environment.\n*****QUESTION:***** If there is an explanation: Does the explanation list contributing factors?", "index": 150}, {"instruction": "Give two examples of a situation in which you would expect someone to take a stand.", "input": "", "output": "1. A situation where an individual might take a stand is when they witness unfair discrimination happening in their workplace. For example, if an employee is treated unfairly or bullied by a colleague because of their race, religion, or sexual orientation, a person who believes in equality and respect may feel the need to stand up for the victim by reporting the incident to a higher authority, or by confronting the perpetrator to let them know that their behavior is unacceptable.\n\n2. Another situation where someone might take a stand is in defense of the environment. For example, if a community member learns that a company is planning to build a factory in a local park that would result in the destruction of natural habitats and pollution of the air and water, they might feel compelled to take a stand against it. They might do this by protesting, organizing a petition, or speaking out at a city council meeting to make their voice heard and to protect the environment.", "all_data": "*****INSTRUCTION:***** Give two examples of a situation in which you would expect someone to take a stand.\n\n*****OUTPUT:***** 1. A situation where an individual might take a stand is when they witness unfair discrimination happening in their workplace. For example, if an employee is treated unfairly or bullied by a colleague because of their race, religion, or sexual orientation, a person who believes in equality and respect may feel the need to stand up for the victim by reporting the incident to a higher authority, or by confronting the perpetrator to let them know that their behavior is unacceptable.\n\n2. Another situation where someone might take a stand is in defense of the environment. For example, if a community member learns that a company is planning to build a factory in a local park that would result in the destruction of natural habitats and pollution of the air and water, they might feel compelled to take a stand against it. They might do this by protesting, organizing a petition, or speaking out at a city council meeting to make their voice heard and to protect the environment.\n*****QUESTION:***** If there is an explanation: Does the explanation include subjective or biased criteria?", "index": 151}, {"instruction": "Give two examples of a situation in which you would expect someone to take a stand.", "input": "", "output": "1. A situation where an individual might take a stand is when they witness unfair discrimination happening in their workplace. For example, if an employee is treated unfairly or bullied by a colleague because of their race, religion, or sexual orientation, a person who believes in equality and respect may feel the need to stand up for the victim by reporting the incident to a higher authority, or by confronting the perpetrator to let them know that their behavior is unacceptable.\n\n2. Another situation where someone might take a stand is in defense of the environment. For example, if a community member learns that a company is planning to build a factory in a local park that would result in the destruction of natural habitats and pollution of the air and water, they might feel compelled to take a stand against it. They might do this by protesting, organizing a petition, or speaking out at a city council meeting to make their voice heard and to protect the environment.", "all_data": "*****INSTRUCTION:***** Give two examples of a situation in which you would expect someone to take a stand.\n\n*****OUTPUT:***** 1. A situation where an individual might take a stand is when they witness unfair discrimination happening in their workplace. For example, if an employee is treated unfairly or bullied by a colleague because of their race, religion, or sexual orientation, a person who believes in equality and respect may feel the need to stand up for the victim by reporting the incident to a higher authority, or by confronting the perpetrator to let them know that their behavior is unacceptable.\n\n2. Another situation where someone might take a stand is in defense of the environment. For example, if a community member learns that a company is planning to build a factory in a local park that would result in the destruction of natural habitats and pollution of the air and water, they might feel compelled to take a stand against it. They might do this by protesting, organizing a petition, or speaking out at a city council meeting to make their voice heard and to protect the environment.\n*****QUESTION:***** If there is an explanation: Does the explanation include illustrative elements (e.g. examples)?", "index": 152}, {"instruction": "Give two examples of a situation in which you would expect someone to take a stand.", "input": "", "output": "1. A situation where an individual might take a stand is when they witness unfair discrimination happening in their workplace. For example, if an employee is treated unfairly or bullied by a colleague because of their race, religion, or sexual orientation, a person who believes in equality and respect may feel the need to stand up for the victim by reporting the incident to a higher authority, or by confronting the perpetrator to let them know that their behavior is unacceptable.\n\n2. Another situation where someone might take a stand is in defense of the environment. For example, if a community member learns that a company is planning to build a factory in a local park that would result in the destruction of natural habitats and pollution of the air and water, they might feel compelled to take a stand against it. They might do this by protesting, organizing a petition, or speaking out at a city council meeting to make their voice heard and to protect the environment.", "all_data": "*****INSTRUCTION:***** Give two examples of a situation in which you would expect someone to take a stand.\n\n*****OUTPUT:***** 1. A situation where an individual might take a stand is when they witness unfair discrimination happening in their workplace. For example, if an employee is treated unfairly or bullied by a colleague because of their race, religion, or sexual orientation, a person who believes in equality and respect may feel the need to stand up for the victim by reporting the incident to a higher authority, or by confronting the perpetrator to let them know that their behavior is unacceptable.\n\n2. Another situation where someone might take a stand is in defense of the environment. For example, if a community member learns that a company is planning to build a factory in a local park that would result in the destruction of natural habitats and pollution of the air and water, they might feel compelled to take a stand against it. They might do this by protesting, organizing a petition, or speaking out at a city council meeting to make their voice heard and to protect the environment.\n*****QUESTION:***** If there is an explanation: Is the explanation misleading (e.g. arguing for a label that is wrong)?", "index": 153}, {"instruction": "We have a data set of customer reviews. Find the sentiment of each review and classify each record as Positive, Negative or Neutral.", "input": "\"This product is amazing, I love it\" \n\"The product didn't live up to my expectations\"", "output": "After analyzing the given text input, the sentiment analysis results are as follows:\n\nThe first review, \"This product is amazing, I love it\" is Positive.\n\nThe second review, \"The product didn't live up to my expectations\" is Negative.", "all_data": "*****INSTRUCTION:***** We have a data set of customer reviews. Find the sentiment of each review and classify each record as Positive, Negative or Neutral.\n\"This product is amazing, I love it\" \n\"The product didn't live up to my expectations\"\n*****OUTPUT:***** After analyzing the given text input, the sentiment analysis results are as follows:\n\nThe first review, \"This product is amazing, I love it\" is Positive.\n\nThe second review, \"The product didn't live up to my expectations\" is Negative.\n*****QUESTION:***** Does the output contain an explanation for the prediction?", "index": 154}, {"instruction": "We have a data set of customer reviews. Find the sentiment of each review and classify each record as Positive, Negative or Neutral.", "input": "\"This product is amazing, I love it\" \n\"The product didn't live up to my expectations\"", "output": "After analyzing the given text input, the sentiment analysis results are as follows:\n\nThe first review, \"This product is amazing, I love it\" is Positive.\n\nThe second review, \"The product didn't live up to my expectations\" is Negative.", "all_data": "*****INSTRUCTION:***** We have a data set of customer reviews. Find the sentiment of each review and classify each record as Positive, Negative or Neutral.\n\"This product is amazing, I love it\" \n\"The product didn't live up to my expectations\"\n*****OUTPUT:***** After analyzing the given text input, the sentiment analysis results are as follows:\n\nThe first review, \"This product is amazing, I love it\" is Positive.\n\nThe second review, \"The product didn't live up to my expectations\" is Negative.\n*****QUESTION:***** Would you give an explanation/justify your reasoning if you were asked this question by a friend?", "index": 155}, {"instruction": "We have a data set of customer reviews. Find the sentiment of each review and classify each record as Positive, Negative or Neutral.", "input": "\"This product is amazing, I love it\" \n\"The product didn't live up to my expectations\"", "output": "After analyzing the given text input, the sentiment analysis results are as follows:\n\nThe first review, \"This product is amazing, I love it\" is Positive.\n\nThe second review, \"The product didn't live up to my expectations\" is Negative.", "all_data": "*****INSTRUCTION:***** We have a data set of customer reviews. Find the sentiment of each review and classify each record as Positive, Negative or Neutral.\n\"This product is amazing, I love it\" \n\"The product didn't live up to my expectations\"\n*****OUTPUT:***** After analyzing the given text input, the sentiment analysis results are as follows:\n\nThe first review, \"This product is amazing, I love it\" is Positive.\n\nThe second review, \"The product didn't live up to my expectations\" is Negative.\n*****QUESTION:***** If there is an explanation: Does the explanation refer to commonsense concepts that are taken as given?", "index": 156}, {"instruction": "We have a data set of customer reviews. Find the sentiment of each review and classify each record as Positive, Negative or Neutral.", "input": "\"This product is amazing, I love it\" \n\"The product didn't live up to my expectations\"", "output": "After analyzing the given text input, the sentiment analysis results are as follows:\n\nThe first review, \"This product is amazing, I love it\" is Positive.\n\nThe second review, \"The product didn't live up to my expectations\" is Negative.", "all_data": "*****INSTRUCTION:***** We have a data set of customer reviews. Find the sentiment of each review and classify each record as Positive, Negative or Neutral.\n\"This product is amazing, I love it\" \n\"The product didn't live up to my expectations\"\n*****OUTPUT:***** After analyzing the given text input, the sentiment analysis results are as follows:\n\nThe first review, \"This product is amazing, I love it\" is Positive.\n\nThe second review, \"The product didn't live up to my expectations\" is Negative.\n*****QUESTION:***** If there is an explanation: Does the explanation list contributing factors?", "index": 157}, {"instruction": "We have a data set of customer reviews. Find the sentiment of each review and classify each record as Positive, Negative or Neutral.", "input": "\"This product is amazing, I love it\" \n\"The product didn't live up to my expectations\"", "output": "After analyzing the given text input, the sentiment analysis results are as follows:\n\nThe first review, \"This product is amazing, I love it\" is Positive.\n\nThe second review, \"The product didn't live up to my expectations\" is Negative.", "all_data": "*****INSTRUCTION:***** We have a data set of customer reviews. Find the sentiment of each review and classify each record as Positive, Negative or Neutral.\n\"This product is amazing, I love it\" \n\"The product didn't live up to my expectations\"\n*****OUTPUT:***** After analyzing the given text input, the sentiment analysis results are as follows:\n\nThe first review, \"This product is amazing, I love it\" is Positive.\n\nThe second review, \"The product didn't live up to my expectations\" is Negative.\n*****QUESTION:***** If there is an explanation: Does the explanation include subjective or biased criteria?", "index": 158}, {"instruction": "We have a data set of customer reviews. Find the sentiment of each review and classify each record as Positive, Negative or Neutral.", "input": "\"This product is amazing, I love it\" \n\"The product didn't live up to my expectations\"", "output": "After analyzing the given text input, the sentiment analysis results are as follows:\n\nThe first review, \"This product is amazing, I love it\" is Positive.\n\nThe second review, \"The product didn't live up to my expectations\" is Negative.", "all_data": "*****INSTRUCTION:***** We have a data set of customer reviews. Find the sentiment of each review and classify each record as Positive, Negative or Neutral.\n\"This product is amazing, I love it\" \n\"The product didn't live up to my expectations\"\n*****OUTPUT:***** After analyzing the given text input, the sentiment analysis results are as follows:\n\nThe first review, \"This product is amazing, I love it\" is Positive.\n\nThe second review, \"The product didn't live up to my expectations\" is Negative.\n*****QUESTION:***** If there is an explanation: Does the explanation include illustrative elements (e.g. examples)?", "index": 159}, {"instruction": "We have a data set of customer reviews. Find the sentiment of each review and classify each record as Positive, Negative or Neutral.", "input": "\"This product is amazing, I love it\" \n\"The product didn't live up to my expectations\"", "output": "After analyzing the given text input, the sentiment analysis results are as follows:\n\nThe first review, \"This product is amazing, I love it\" is Positive.\n\nThe second review, \"The product didn't live up to my expectations\" is Negative.", "all_data": "*****INSTRUCTION:***** We have a data set of customer reviews. Find the sentiment of each review and classify each record as Positive, Negative or Neutral.\n\"This product is amazing, I love it\" \n\"The product didn't live up to my expectations\"\n*****OUTPUT:***** After analyzing the given text input, the sentiment analysis results are as follows:\n\nThe first review, \"This product is amazing, I love it\" is Positive.\n\nThe second review, \"The product didn't live up to my expectations\" is Negative.\n*****QUESTION:***** If there is an explanation: Is the explanation misleading (e.g. arguing for a label that is wrong)?", "index": 160}, {"instruction": "Give a metric to evaluate a natural language processing model.", "input": "", "output": "There are several metrics that can be used to evaluate the performance of a natural language processing (NLP) model. Some of the commonly used metrics include:\n\n1. Accuracy: This measures the percentage of correctly predicted data points out of all predictions made by the model. It is a suitable metric for binary classification tasks in NLP, such as sentiment analysis.\n\n2. F1 Score: This is the harmonic mean of precision (the ratio of true positives to the total number of predicted positives) and recall (the ratio of true positives to the total number of actual positives). It is particularly useful for evaluating models dealing with imbalanced data.\n\n3. BLEU (Bilingual Evaluation Understudy) Score: This is widely used for evaluating the quality of machine translations. It measures how similar the generated translation is to a set of human reference translations.\n\n4. Perplexity: This is commonly used to evaluate language models. It measures how well a model predicts a given text. Lower perplexity indicates better model performance.\n\n5. ROUGE (Recall-Oriented Understudy for Gisting Evaluation): This is used to evaluate text summarization models. It measures the overlap between the generated summary and a set of human reference summaries.\n\nOverall, the choice of metric depends on the specific NLP task and the goals of the model.", "all_data": "*****INSTRUCTION:***** Give a metric to evaluate a natural language processing model.\n\n*****OUTPUT:***** There are several metrics that can be used to evaluate the performance of a natural language processing (NLP) model. Some of the commonly used metrics include:\n\n1. Accuracy: This measures the percentage of correctly predicted data points out of all predictions made by the model. It is a suitable metric for binary classification tasks in NLP, such as sentiment analysis.\n\n2. F1 Score: This is the harmonic mean of precision (the ratio of true positives to the total number of predicted positives) and recall (the ratio of true positives to the total number of actual positives). It is particularly useful for evaluating models dealing with imbalanced data.\n\n3. BLEU (Bilingual Evaluation Understudy) Score: This is widely used for evaluating the quality of machine translations. It measures how similar the generated translation is to a set of human reference translations.\n\n4. Perplexity: This is commonly used to evaluate language models. It measures how well a model predicts a given text. Lower perplexity indicates better model performance.\n\n5. ROUGE (Recall-Oriented Understudy for Gisting Evaluation): This is used to evaluate text summarization models. It measures the overlap between the generated summary and a set of human reference summaries.\n\nOverall, the choice of metric depends on the specific NLP task and the goals of the model.\n*****QUESTION:***** Does the output contain an explanation for the prediction?", "index": 161}, {"instruction": "Give a metric to evaluate a natural language processing model.", "input": "", "output": "There are several metrics that can be used to evaluate the performance of a natural language processing (NLP) model. Some of the commonly used metrics include:\n\n1. Accuracy: This measures the percentage of correctly predicted data points out of all predictions made by the model. It is a suitable metric for binary classification tasks in NLP, such as sentiment analysis.\n\n2. F1 Score: This is the harmonic mean of precision (the ratio of true positives to the total number of predicted positives) and recall (the ratio of true positives to the total number of actual positives). It is particularly useful for evaluating models dealing with imbalanced data.\n\n3. BLEU (Bilingual Evaluation Understudy) Score: This is widely used for evaluating the quality of machine translations. It measures how similar the generated translation is to a set of human reference translations.\n\n4. Perplexity: This is commonly used to evaluate language models. It measures how well a model predicts a given text. Lower perplexity indicates better model performance.\n\n5. ROUGE (Recall-Oriented Understudy for Gisting Evaluation): This is used to evaluate text summarization models. It measures the overlap between the generated summary and a set of human reference summaries.\n\nOverall, the choice of metric depends on the specific NLP task and the goals of the model.", "all_data": "*****INSTRUCTION:***** Give a metric to evaluate a natural language processing model.\n\n*****OUTPUT:***** There are several metrics that can be used to evaluate the performance of a natural language processing (NLP) model. Some of the commonly used metrics include:\n\n1. Accuracy: This measures the percentage of correctly predicted data points out of all predictions made by the model. It is a suitable metric for binary classification tasks in NLP, such as sentiment analysis.\n\n2. F1 Score: This is the harmonic mean of precision (the ratio of true positives to the total number of predicted positives) and recall (the ratio of true positives to the total number of actual positives). It is particularly useful for evaluating models dealing with imbalanced data.\n\n3. BLEU (Bilingual Evaluation Understudy) Score: This is widely used for evaluating the quality of machine translations. It measures how similar the generated translation is to a set of human reference translations.\n\n4. Perplexity: This is commonly used to evaluate language models. It measures how well a model predicts a given text. Lower perplexity indicates better model performance.\n\n5. ROUGE (Recall-Oriented Understudy for Gisting Evaluation): This is used to evaluate text summarization models. It measures the overlap between the generated summary and a set of human reference summaries.\n\nOverall, the choice of metric depends on the specific NLP task and the goals of the model.\n*****QUESTION:***** Would you give an explanation/justify your reasoning if you were asked this question by a friend?", "index": 162}, {"instruction": "Give a metric to evaluate a natural language processing model.", "input": "", "output": "There are several metrics that can be used to evaluate the performance of a natural language processing (NLP) model. Some of the commonly used metrics include:\n\n1. Accuracy: This measures the percentage of correctly predicted data points out of all predictions made by the model. It is a suitable metric for binary classification tasks in NLP, such as sentiment analysis.\n\n2. F1 Score: This is the harmonic mean of precision (the ratio of true positives to the total number of predicted positives) and recall (the ratio of true positives to the total number of actual positives). It is particularly useful for evaluating models dealing with imbalanced data.\n\n3. BLEU (Bilingual Evaluation Understudy) Score: This is widely used for evaluating the quality of machine translations. It measures how similar the generated translation is to a set of human reference translations.\n\n4. Perplexity: This is commonly used to evaluate language models. It measures how well a model predicts a given text. Lower perplexity indicates better model performance.\n\n5. ROUGE (Recall-Oriented Understudy for Gisting Evaluation): This is used to evaluate text summarization models. It measures the overlap between the generated summary and a set of human reference summaries.\n\nOverall, the choice of metric depends on the specific NLP task and the goals of the model.", "all_data": "*****INSTRUCTION:***** Give a metric to evaluate a natural language processing model.\n\n*****OUTPUT:***** There are several metrics that can be used to evaluate the performance of a natural language processing (NLP) model. Some of the commonly used metrics include:\n\n1. Accuracy: This measures the percentage of correctly predicted data points out of all predictions made by the model. It is a suitable metric for binary classification tasks in NLP, such as sentiment analysis.\n\n2. F1 Score: This is the harmonic mean of precision (the ratio of true positives to the total number of predicted positives) and recall (the ratio of true positives to the total number of actual positives). It is particularly useful for evaluating models dealing with imbalanced data.\n\n3. BLEU (Bilingual Evaluation Understudy) Score: This is widely used for evaluating the quality of machine translations. It measures how similar the generated translation is to a set of human reference translations.\n\n4. Perplexity: This is commonly used to evaluate language models. It measures how well a model predicts a given text. Lower perplexity indicates better model performance.\n\n5. ROUGE (Recall-Oriented Understudy for Gisting Evaluation): This is used to evaluate text summarization models. It measures the overlap between the generated summary and a set of human reference summaries.\n\nOverall, the choice of metric depends on the specific NLP task and the goals of the model.\n*****QUESTION:***** If there is an explanation: Does the explanation refer to commonsense concepts that are taken as given?", "index": 163}, {"instruction": "Give a metric to evaluate a natural language processing model.", "input": "", "output": "There are several metrics that can be used to evaluate the performance of a natural language processing (NLP) model. Some of the commonly used metrics include:\n\n1. Accuracy: This measures the percentage of correctly predicted data points out of all predictions made by the model. It is a suitable metric for binary classification tasks in NLP, such as sentiment analysis.\n\n2. F1 Score: This is the harmonic mean of precision (the ratio of true positives to the total number of predicted positives) and recall (the ratio of true positives to the total number of actual positives). It is particularly useful for evaluating models dealing with imbalanced data.\n\n3. BLEU (Bilingual Evaluation Understudy) Score: This is widely used for evaluating the quality of machine translations. It measures how similar the generated translation is to a set of human reference translations.\n\n4. Perplexity: This is commonly used to evaluate language models. It measures how well a model predicts a given text. Lower perplexity indicates better model performance.\n\n5. ROUGE (Recall-Oriented Understudy for Gisting Evaluation): This is used to evaluate text summarization models. It measures the overlap between the generated summary and a set of human reference summaries.\n\nOverall, the choice of metric depends on the specific NLP task and the goals of the model.", "all_data": "*****INSTRUCTION:***** Give a metric to evaluate a natural language processing model.\n\n*****OUTPUT:***** There are several metrics that can be used to evaluate the performance of a natural language processing (NLP) model. Some of the commonly used metrics include:\n\n1. Accuracy: This measures the percentage of correctly predicted data points out of all predictions made by the model. It is a suitable metric for binary classification tasks in NLP, such as sentiment analysis.\n\n2. F1 Score: This is the harmonic mean of precision (the ratio of true positives to the total number of predicted positives) and recall (the ratio of true positives to the total number of actual positives). It is particularly useful for evaluating models dealing with imbalanced data.\n\n3. BLEU (Bilingual Evaluation Understudy) Score: This is widely used for evaluating the quality of machine translations. It measures how similar the generated translation is to a set of human reference translations.\n\n4. Perplexity: This is commonly used to evaluate language models. It measures how well a model predicts a given text. Lower perplexity indicates better model performance.\n\n5. ROUGE (Recall-Oriented Understudy for Gisting Evaluation): This is used to evaluate text summarization models. It measures the overlap between the generated summary and a set of human reference summaries.\n\nOverall, the choice of metric depends on the specific NLP task and the goals of the model.\n*****QUESTION:***** If there is an explanation: Does the explanation list contributing factors?", "index": 164}, {"instruction": "Give a metric to evaluate a natural language processing model.", "input": "", "output": "There are several metrics that can be used to evaluate the performance of a natural language processing (NLP) model. Some of the commonly used metrics include:\n\n1. Accuracy: This measures the percentage of correctly predicted data points out of all predictions made by the model. It is a suitable metric for binary classification tasks in NLP, such as sentiment analysis.\n\n2. F1 Score: This is the harmonic mean of precision (the ratio of true positives to the total number of predicted positives) and recall (the ratio of true positives to the total number of actual positives). It is particularly useful for evaluating models dealing with imbalanced data.\n\n3. BLEU (Bilingual Evaluation Understudy) Score: This is widely used for evaluating the quality of machine translations. It measures how similar the generated translation is to a set of human reference translations.\n\n4. Perplexity: This is commonly used to evaluate language models. It measures how well a model predicts a given text. Lower perplexity indicates better model performance.\n\n5. ROUGE (Recall-Oriented Understudy for Gisting Evaluation): This is used to evaluate text summarization models. It measures the overlap between the generated summary and a set of human reference summaries.\n\nOverall, the choice of metric depends on the specific NLP task and the goals of the model.", "all_data": "*****INSTRUCTION:***** Give a metric to evaluate a natural language processing model.\n\n*****OUTPUT:***** There are several metrics that can be used to evaluate the performance of a natural language processing (NLP) model. Some of the commonly used metrics include:\n\n1. Accuracy: This measures the percentage of correctly predicted data points out of all predictions made by the model. It is a suitable metric for binary classification tasks in NLP, such as sentiment analysis.\n\n2. F1 Score: This is the harmonic mean of precision (the ratio of true positives to the total number of predicted positives) and recall (the ratio of true positives to the total number of actual positives). It is particularly useful for evaluating models dealing with imbalanced data.\n\n3. BLEU (Bilingual Evaluation Understudy) Score: This is widely used for evaluating the quality of machine translations. It measures how similar the generated translation is to a set of human reference translations.\n\n4. Perplexity: This is commonly used to evaluate language models. It measures how well a model predicts a given text. Lower perplexity indicates better model performance.\n\n5. ROUGE (Recall-Oriented Understudy for Gisting Evaluation): This is used to evaluate text summarization models. It measures the overlap between the generated summary and a set of human reference summaries.\n\nOverall, the choice of metric depends on the specific NLP task and the goals of the model.\n*****QUESTION:***** If there is an explanation: Does the explanation include subjective or biased criteria?", "index": 165}, {"instruction": "Give a metric to evaluate a natural language processing model.", "input": "", "output": "There are several metrics that can be used to evaluate the performance of a natural language processing (NLP) model. Some of the commonly used metrics include:\n\n1. Accuracy: This measures the percentage of correctly predicted data points out of all predictions made by the model. It is a suitable metric for binary classification tasks in NLP, such as sentiment analysis.\n\n2. F1 Score: This is the harmonic mean of precision (the ratio of true positives to the total number of predicted positives) and recall (the ratio of true positives to the total number of actual positives). It is particularly useful for evaluating models dealing with imbalanced data.\n\n3. BLEU (Bilingual Evaluation Understudy) Score: This is widely used for evaluating the quality of machine translations. It measures how similar the generated translation is to a set of human reference translations.\n\n4. Perplexity: This is commonly used to evaluate language models. It measures how well a model predicts a given text. Lower perplexity indicates better model performance.\n\n5. ROUGE (Recall-Oriented Understudy for Gisting Evaluation): This is used to evaluate text summarization models. It measures the overlap between the generated summary and a set of human reference summaries.\n\nOverall, the choice of metric depends on the specific NLP task and the goals of the model.", "all_data": "*****INSTRUCTION:***** Give a metric to evaluate a natural language processing model.\n\n*****OUTPUT:***** There are several metrics that can be used to evaluate the performance of a natural language processing (NLP) model. Some of the commonly used metrics include:\n\n1. Accuracy: This measures the percentage of correctly predicted data points out of all predictions made by the model. It is a suitable metric for binary classification tasks in NLP, such as sentiment analysis.\n\n2. F1 Score: This is the harmonic mean of precision (the ratio of true positives to the total number of predicted positives) and recall (the ratio of true positives to the total number of actual positives). It is particularly useful for evaluating models dealing with imbalanced data.\n\n3. BLEU (Bilingual Evaluation Understudy) Score: This is widely used for evaluating the quality of machine translations. It measures how similar the generated translation is to a set of human reference translations.\n\n4. Perplexity: This is commonly used to evaluate language models. It measures how well a model predicts a given text. Lower perplexity indicates better model performance.\n\n5. ROUGE (Recall-Oriented Understudy for Gisting Evaluation): This is used to evaluate text summarization models. It measures the overlap between the generated summary and a set of human reference summaries.\n\nOverall, the choice of metric depends on the specific NLP task and the goals of the model.\n*****QUESTION:***** If there is an explanation: Does the explanation include illustrative elements (e.g. examples)?", "index": 166}, {"instruction": "Give a metric to evaluate a natural language processing model.", "input": "", "output": "There are several metrics that can be used to evaluate the performance of a natural language processing (NLP) model. Some of the commonly used metrics include:\n\n1. Accuracy: This measures the percentage of correctly predicted data points out of all predictions made by the model. It is a suitable metric for binary classification tasks in NLP, such as sentiment analysis.\n\n2. F1 Score: This is the harmonic mean of precision (the ratio of true positives to the total number of predicted positives) and recall (the ratio of true positives to the total number of actual positives). It is particularly useful for evaluating models dealing with imbalanced data.\n\n3. BLEU (Bilingual Evaluation Understudy) Score: This is widely used for evaluating the quality of machine translations. It measures how similar the generated translation is to a set of human reference translations.\n\n4. Perplexity: This is commonly used to evaluate language models. It measures how well a model predicts a given text. Lower perplexity indicates better model performance.\n\n5. ROUGE (Recall-Oriented Understudy for Gisting Evaluation): This is used to evaluate text summarization models. It measures the overlap between the generated summary and a set of human reference summaries.\n\nOverall, the choice of metric depends on the specific NLP task and the goals of the model.", "all_data": "*****INSTRUCTION:***** Give a metric to evaluate a natural language processing model.\n\n*****OUTPUT:***** There are several metrics that can be used to evaluate the performance of a natural language processing (NLP) model. Some of the commonly used metrics include:\n\n1. Accuracy: This measures the percentage of correctly predicted data points out of all predictions made by the model. It is a suitable metric for binary classification tasks in NLP, such as sentiment analysis.\n\n2. F1 Score: This is the harmonic mean of precision (the ratio of true positives to the total number of predicted positives) and recall (the ratio of true positives to the total number of actual positives). It is particularly useful for evaluating models dealing with imbalanced data.\n\n3. BLEU (Bilingual Evaluation Understudy) Score: This is widely used for evaluating the quality of machine translations. It measures how similar the generated translation is to a set of human reference translations.\n\n4. Perplexity: This is commonly used to evaluate language models. It measures how well a model predicts a given text. Lower perplexity indicates better model performance.\n\n5. ROUGE (Recall-Oriented Understudy for Gisting Evaluation): This is used to evaluate text summarization models. It measures the overlap between the generated summary and a set of human reference summaries.\n\nOverall, the choice of metric depends on the specific NLP task and the goals of the model.\n*****QUESTION:***** If there is an explanation: Is the explanation misleading (e.g. arguing for a label that is wrong)?", "index": 167}, {"instruction": "Calculate the value of X in the equation 8X+6=14", "input": "", "output": "We can solve the equation 8X + 6 = 14 to find the value of x by following these steps:\n \nStep 1: Subtract 6 from both sides of the equation to isolate the variable term on one side\n8X + 6 - 6 = 14 - 6\n8X = 8\n \nStep 2: Divide both sides of the equation by 8 to solve for x\n8X/8 = 8/8\nX = 1\n \nTherefore, the value of X in the equation 8X + 6 = 14 is 1.", "all_data": "*****INSTRUCTION:***** Calculate the value of X in the equation 8X+6=14\n\n*****OUTPUT:***** We can solve the equation 8X + 6 = 14 to find the value of x by following these steps:\n \nStep 1: Subtract 6 from both sides of the equation to isolate the variable term on one side\n8X + 6 - 6 = 14 - 6\n8X = 8\n \nStep 2: Divide both sides of the equation by 8 to solve for x\n8X/8 = 8/8\nX = 1\n \nTherefore, the value of X in the equation 8X + 6 = 14 is 1.\n*****QUESTION:***** Does the output contain an explanation for the prediction?", "index": 168}, {"instruction": "Calculate the value of X in the equation 8X+6=14", "input": "", "output": "We can solve the equation 8X + 6 = 14 to find the value of x by following these steps:\n \nStep 1: Subtract 6 from both sides of the equation to isolate the variable term on one side\n8X + 6 - 6 = 14 - 6\n8X = 8\n \nStep 2: Divide both sides of the equation by 8 to solve for x\n8X/8 = 8/8\nX = 1\n \nTherefore, the value of X in the equation 8X + 6 = 14 is 1.", "all_data": "*****INSTRUCTION:***** Calculate the value of X in the equation 8X+6=14\n\n*****OUTPUT:***** We can solve the equation 8X + 6 = 14 to find the value of x by following these steps:\n \nStep 1: Subtract 6 from both sides of the equation to isolate the variable term on one side\n8X + 6 - 6 = 14 - 6\n8X = 8\n \nStep 2: Divide both sides of the equation by 8 to solve for x\n8X/8 = 8/8\nX = 1\n \nTherefore, the value of X in the equation 8X + 6 = 14 is 1.\n*****QUESTION:***** Would you give an explanation/justify your reasoning if you were asked this question by a friend?", "index": 169}, {"instruction": "Calculate the value of X in the equation 8X+6=14", "input": "", "output": "We can solve the equation 8X + 6 = 14 to find the value of x by following these steps:\n \nStep 1: Subtract 6 from both sides of the equation to isolate the variable term on one side\n8X + 6 - 6 = 14 - 6\n8X = 8\n \nStep 2: Divide both sides of the equation by 8 to solve for x\n8X/8 = 8/8\nX = 1\n \nTherefore, the value of X in the equation 8X + 6 = 14 is 1.", "all_data": "*****INSTRUCTION:***** Calculate the value of X in the equation 8X+6=14\n\n*****OUTPUT:***** We can solve the equation 8X + 6 = 14 to find the value of x by following these steps:\n \nStep 1: Subtract 6 from both sides of the equation to isolate the variable term on one side\n8X + 6 - 6 = 14 - 6\n8X = 8\n \nStep 2: Divide both sides of the equation by 8 to solve for x\n8X/8 = 8/8\nX = 1\n \nTherefore, the value of X in the equation 8X + 6 = 14 is 1.\n*****QUESTION:***** If there is an explanation: Does the explanation refer to commonsense concepts that are taken as given?", "index": 170}, {"instruction": "Calculate the value of X in the equation 8X+6=14", "input": "", "output": "We can solve the equation 8X + 6 = 14 to find the value of x by following these steps:\n \nStep 1: Subtract 6 from both sides of the equation to isolate the variable term on one side\n8X + 6 - 6 = 14 - 6\n8X = 8\n \nStep 2: Divide both sides of the equation by 8 to solve for x\n8X/8 = 8/8\nX = 1\n \nTherefore, the value of X in the equation 8X + 6 = 14 is 1.", "all_data": "*****INSTRUCTION:***** Calculate the value of X in the equation 8X+6=14\n\n*****OUTPUT:***** We can solve the equation 8X + 6 = 14 to find the value of x by following these steps:\n \nStep 1: Subtract 6 from both sides of the equation to isolate the variable term on one side\n8X + 6 - 6 = 14 - 6\n8X = 8\n \nStep 2: Divide both sides of the equation by 8 to solve for x\n8X/8 = 8/8\nX = 1\n \nTherefore, the value of X in the equation 8X + 6 = 14 is 1.\n*****QUESTION:***** If there is an explanation: Does the explanation list contributing factors?", "index": 171}, {"instruction": "Calculate the value of X in the equation 8X+6=14", "input": "", "output": "We can solve the equation 8X + 6 = 14 to find the value of x by following these steps:\n \nStep 1: Subtract 6 from both sides of the equation to isolate the variable term on one side\n8X + 6 - 6 = 14 - 6\n8X = 8\n \nStep 2: Divide both sides of the equation by 8 to solve for x\n8X/8 = 8/8\nX = 1\n \nTherefore, the value of X in the equation 8X + 6 = 14 is 1.", "all_data": "*****INSTRUCTION:***** Calculate the value of X in the equation 8X+6=14\n\n*****OUTPUT:***** We can solve the equation 8X + 6 = 14 to find the value of x by following these steps:\n \nStep 1: Subtract 6 from both sides of the equation to isolate the variable term on one side\n8X + 6 - 6 = 14 - 6\n8X = 8\n \nStep 2: Divide both sides of the equation by 8 to solve for x\n8X/8 = 8/8\nX = 1\n \nTherefore, the value of X in the equation 8X + 6 = 14 is 1.\n*****QUESTION:***** If there is an explanation: Does the explanation include subjective or biased criteria?", "index": 172}, {"instruction": "Calculate the value of X in the equation 8X+6=14", "input": "", "output": "We can solve the equation 8X + 6 = 14 to find the value of x by following these steps:\n \nStep 1: Subtract 6 from both sides of the equation to isolate the variable term on one side\n8X + 6 - 6 = 14 - 6\n8X = 8\n \nStep 2: Divide both sides of the equation by 8 to solve for x\n8X/8 = 8/8\nX = 1\n \nTherefore, the value of X in the equation 8X + 6 = 14 is 1.", "all_data": "*****INSTRUCTION:***** Calculate the value of X in the equation 8X+6=14\n\n*****OUTPUT:***** We can solve the equation 8X + 6 = 14 to find the value of x by following these steps:\n \nStep 1: Subtract 6 from both sides of the equation to isolate the variable term on one side\n8X + 6 - 6 = 14 - 6\n8X = 8\n \nStep 2: Divide both sides of the equation by 8 to solve for x\n8X/8 = 8/8\nX = 1\n \nTherefore, the value of X in the equation 8X + 6 = 14 is 1.\n*****QUESTION:***** If there is an explanation: Does the explanation include illustrative elements (e.g. examples)?", "index": 173}, {"instruction": "Calculate the value of X in the equation 8X+6=14", "input": "", "output": "We can solve the equation 8X + 6 = 14 to find the value of x by following these steps:\n \nStep 1: Subtract 6 from both sides of the equation to isolate the variable term on one side\n8X + 6 - 6 = 14 - 6\n8X = 8\n \nStep 2: Divide both sides of the equation by 8 to solve for x\n8X/8 = 8/8\nX = 1\n \nTherefore, the value of X in the equation 8X + 6 = 14 is 1.", "all_data": "*****INSTRUCTION:***** Calculate the value of X in the equation 8X+6=14\n\n*****OUTPUT:***** We can solve the equation 8X + 6 = 14 to find the value of x by following these steps:\n \nStep 1: Subtract 6 from both sides of the equation to isolate the variable term on one side\n8X + 6 - 6 = 14 - 6\n8X = 8\n \nStep 2: Divide both sides of the equation by 8 to solve for x\n8X/8 = 8/8\nX = 1\n \nTherefore, the value of X in the equation 8X + 6 = 14 is 1.\n*****QUESTION:***** If there is an explanation: Is the explanation misleading (e.g. arguing for a label that is wrong)?", "index": 174}, {"instruction": "Come up with a list of 5 basic items needed to camp.", "input": "", "output": "Sure, here is a list of 5 basic essential items needed for camping:\n\n1. Tent: A shelter is absolutely necessary during camping. A tent provides a place to sleep, store gear and protection from the weather, bugs or animals. \n\n2. Sleeping Bag: A good quality sleeping bag will keep you warm, dry and comfortable even during extreme weather conditions.\n\n3. Camp stove or portable grill: Whether you're boiling water, cooking a simple meal or brewing coffee, a portable stove or grill will make your life much easier while camping.\n\n4. First aid kit: Cuts, scrapes or insect bites might occur at any moment. No matter where you\u2019re camping, it\u2019s important to have a first aid kit with necessary medicines, bandages, and antiseptics at hand.\n\n5. Flashlight, Lantern or Headlamp: Once the sun sets, things can get pretty dark in the wilderness. So, carry a light source with you such as a flashlight, lantern, or a headlamp to illuminate your campsite and surrounding areas.", "all_data": "*****INSTRUCTION:***** Come up with a list of 5 basic items needed to camp.\n\n*****OUTPUT:***** Sure, here is a list of 5 basic essential items needed for camping:\n\n1. Tent: A shelter is absolutely necessary during camping. A tent provides a place to sleep, store gear and protection from the weather, bugs or animals. \n\n2. Sleeping Bag: A good quality sleeping bag will keep you warm, dry and comfortable even during extreme weather conditions.\n\n3. Camp stove or portable grill: Whether you're boiling water, cooking a simple meal or brewing coffee, a portable stove or grill will make your life much easier while camping.\n\n4. First aid kit: Cuts, scrapes or insect bites might occur at any moment. No matter where you\u2019re camping, it\u2019s important to have a first aid kit with necessary medicines, bandages, and antiseptics at hand.\n\n5. Flashlight, Lantern or Headlamp: Once the sun sets, things can get pretty dark in the wilderness. So, carry a light source with you such as a flashlight, lantern, or a headlamp to illuminate your campsite and surrounding areas.\n*****QUESTION:***** Does the output contain an explanation for the prediction?", "index": 175}, {"instruction": "Come up with a list of 5 basic items needed to camp.", "input": "", "output": "Sure, here is a list of 5 basic essential items needed for camping:\n\n1. Tent: A shelter is absolutely necessary during camping. A tent provides a place to sleep, store gear and protection from the weather, bugs or animals. \n\n2. Sleeping Bag: A good quality sleeping bag will keep you warm, dry and comfortable even during extreme weather conditions.\n\n3. Camp stove or portable grill: Whether you're boiling water, cooking a simple meal or brewing coffee, a portable stove or grill will make your life much easier while camping.\n\n4. First aid kit: Cuts, scrapes or insect bites might occur at any moment. No matter where you\u2019re camping, it\u2019s important to have a first aid kit with necessary medicines, bandages, and antiseptics at hand.\n\n5. Flashlight, Lantern or Headlamp: Once the sun sets, things can get pretty dark in the wilderness. So, carry a light source with you such as a flashlight, lantern, or a headlamp to illuminate your campsite and surrounding areas.", "all_data": "*****INSTRUCTION:***** Come up with a list of 5 basic items needed to camp.\n\n*****OUTPUT:***** Sure, here is a list of 5 basic essential items needed for camping:\n\n1. Tent: A shelter is absolutely necessary during camping. A tent provides a place to sleep, store gear and protection from the weather, bugs or animals. \n\n2. Sleeping Bag: A good quality sleeping bag will keep you warm, dry and comfortable even during extreme weather conditions.\n\n3. Camp stove or portable grill: Whether you're boiling water, cooking a simple meal or brewing coffee, a portable stove or grill will make your life much easier while camping.\n\n4. First aid kit: Cuts, scrapes or insect bites might occur at any moment. No matter where you\u2019re camping, it\u2019s important to have a first aid kit with necessary medicines, bandages, and antiseptics at hand.\n\n5. Flashlight, Lantern or Headlamp: Once the sun sets, things can get pretty dark in the wilderness. So, carry a light source with you such as a flashlight, lantern, or a headlamp to illuminate your campsite and surrounding areas.\n*****QUESTION:***** Would you give an explanation/justify your reasoning if you were asked this question by a friend?", "index": 176}, {"instruction": "Come up with a list of 5 basic items needed to camp.", "input": "", "output": "Sure, here is a list of 5 basic essential items needed for camping:\n\n1. Tent: A shelter is absolutely necessary during camping. A tent provides a place to sleep, store gear and protection from the weather, bugs or animals. \n\n2. Sleeping Bag: A good quality sleeping bag will keep you warm, dry and comfortable even during extreme weather conditions.\n\n3. Camp stove or portable grill: Whether you're boiling water, cooking a simple meal or brewing coffee, a portable stove or grill will make your life much easier while camping.\n\n4. First aid kit: Cuts, scrapes or insect bites might occur at any moment. No matter where you\u2019re camping, it\u2019s important to have a first aid kit with necessary medicines, bandages, and antiseptics at hand.\n\n5. Flashlight, Lantern or Headlamp: Once the sun sets, things can get pretty dark in the wilderness. So, carry a light source with you such as a flashlight, lantern, or a headlamp to illuminate your campsite and surrounding areas.", "all_data": "*****INSTRUCTION:***** Come up with a list of 5 basic items needed to camp.\n\n*****OUTPUT:***** Sure, here is a list of 5 basic essential items needed for camping:\n\n1. Tent: A shelter is absolutely necessary during camping. A tent provides a place to sleep, store gear and protection from the weather, bugs or animals. \n\n2. Sleeping Bag: A good quality sleeping bag will keep you warm, dry and comfortable even during extreme weather conditions.\n\n3. Camp stove or portable grill: Whether you're boiling water, cooking a simple meal or brewing coffee, a portable stove or grill will make your life much easier while camping.\n\n4. First aid kit: Cuts, scrapes or insect bites might occur at any moment. No matter where you\u2019re camping, it\u2019s important to have a first aid kit with necessary medicines, bandages, and antiseptics at hand.\n\n5. Flashlight, Lantern or Headlamp: Once the sun sets, things can get pretty dark in the wilderness. So, carry a light source with you such as a flashlight, lantern, or a headlamp to illuminate your campsite and surrounding areas.\n*****QUESTION:***** If there is an explanation: Does the explanation refer to commonsense concepts that are taken as given?", "index": 177}, {"instruction": "Come up with a list of 5 basic items needed to camp.", "input": "", "output": "Sure, here is a list of 5 basic essential items needed for camping:\n\n1. Tent: A shelter is absolutely necessary during camping. A tent provides a place to sleep, store gear and protection from the weather, bugs or animals. \n\n2. Sleeping Bag: A good quality sleeping bag will keep you warm, dry and comfortable even during extreme weather conditions.\n\n3. Camp stove or portable grill: Whether you're boiling water, cooking a simple meal or brewing coffee, a portable stove or grill will make your life much easier while camping.\n\n4. First aid kit: Cuts, scrapes or insect bites might occur at any moment. No matter where you\u2019re camping, it\u2019s important to have a first aid kit with necessary medicines, bandages, and antiseptics at hand.\n\n5. Flashlight, Lantern or Headlamp: Once the sun sets, things can get pretty dark in the wilderness. So, carry a light source with you such as a flashlight, lantern, or a headlamp to illuminate your campsite and surrounding areas.", "all_data": "*****INSTRUCTION:***** Come up with a list of 5 basic items needed to camp.\n\n*****OUTPUT:***** Sure, here is a list of 5 basic essential items needed for camping:\n\n1. Tent: A shelter is absolutely necessary during camping. A tent provides a place to sleep, store gear and protection from the weather, bugs or animals. \n\n2. Sleeping Bag: A good quality sleeping bag will keep you warm, dry and comfortable even during extreme weather conditions.\n\n3. Camp stove or portable grill: Whether you're boiling water, cooking a simple meal or brewing coffee, a portable stove or grill will make your life much easier while camping.\n\n4. First aid kit: Cuts, scrapes or insect bites might occur at any moment. No matter where you\u2019re camping, it\u2019s important to have a first aid kit with necessary medicines, bandages, and antiseptics at hand.\n\n5. Flashlight, Lantern or Headlamp: Once the sun sets, things can get pretty dark in the wilderness. So, carry a light source with you such as a flashlight, lantern, or a headlamp to illuminate your campsite and surrounding areas.\n*****QUESTION:***** If there is an explanation: Does the explanation list contributing factors?", "index": 178}, {"instruction": "Come up with a list of 5 basic items needed to camp.", "input": "", "output": "Sure, here is a list of 5 basic essential items needed for camping:\n\n1. Tent: A shelter is absolutely necessary during camping. A tent provides a place to sleep, store gear and protection from the weather, bugs or animals. \n\n2. Sleeping Bag: A good quality sleeping bag will keep you warm, dry and comfortable even during extreme weather conditions.\n\n3. Camp stove or portable grill: Whether you're boiling water, cooking a simple meal or brewing coffee, a portable stove or grill will make your life much easier while camping.\n\n4. First aid kit: Cuts, scrapes or insect bites might occur at any moment. No matter where you\u2019re camping, it\u2019s important to have a first aid kit with necessary medicines, bandages, and antiseptics at hand.\n\n5. Flashlight, Lantern or Headlamp: Once the sun sets, things can get pretty dark in the wilderness. So, carry a light source with you such as a flashlight, lantern, or a headlamp to illuminate your campsite and surrounding areas.", "all_data": "*****INSTRUCTION:***** Come up with a list of 5 basic items needed to camp.\n\n*****OUTPUT:***** Sure, here is a list of 5 basic essential items needed for camping:\n\n1. Tent: A shelter is absolutely necessary during camping. A tent provides a place to sleep, store gear and protection from the weather, bugs or animals. \n\n2. Sleeping Bag: A good quality sleeping bag will keep you warm, dry and comfortable even during extreme weather conditions.\n\n3. Camp stove or portable grill: Whether you're boiling water, cooking a simple meal or brewing coffee, a portable stove or grill will make your life much easier while camping.\n\n4. First aid kit: Cuts, scrapes or insect bites might occur at any moment. No matter where you\u2019re camping, it\u2019s important to have a first aid kit with necessary medicines, bandages, and antiseptics at hand.\n\n5. Flashlight, Lantern or Headlamp: Once the sun sets, things can get pretty dark in the wilderness. So, carry a light source with you such as a flashlight, lantern, or a headlamp to illuminate your campsite and surrounding areas.\n*****QUESTION:***** If there is an explanation: Does the explanation include subjective or biased criteria?", "index": 179}, {"instruction": "Come up with a list of 5 basic items needed to camp.", "input": "", "output": "Sure, here is a list of 5 basic essential items needed for camping:\n\n1. Tent: A shelter is absolutely necessary during camping. A tent provides a place to sleep, store gear and protection from the weather, bugs or animals. \n\n2. Sleeping Bag: A good quality sleeping bag will keep you warm, dry and comfortable even during extreme weather conditions.\n\n3. Camp stove or portable grill: Whether you're boiling water, cooking a simple meal or brewing coffee, a portable stove or grill will make your life much easier while camping.\n\n4. First aid kit: Cuts, scrapes or insect bites might occur at any moment. No matter where you\u2019re camping, it\u2019s important to have a first aid kit with necessary medicines, bandages, and antiseptics at hand.\n\n5. Flashlight, Lantern or Headlamp: Once the sun sets, things can get pretty dark in the wilderness. So, carry a light source with you such as a flashlight, lantern, or a headlamp to illuminate your campsite and surrounding areas.", "all_data": "*****INSTRUCTION:***** Come up with a list of 5 basic items needed to camp.\n\n*****OUTPUT:***** Sure, here is a list of 5 basic essential items needed for camping:\n\n1. Tent: A shelter is absolutely necessary during camping. A tent provides a place to sleep, store gear and protection from the weather, bugs or animals. \n\n2. Sleeping Bag: A good quality sleeping bag will keep you warm, dry and comfortable even during extreme weather conditions.\n\n3. Camp stove or portable grill: Whether you're boiling water, cooking a simple meal or brewing coffee, a portable stove or grill will make your life much easier while camping.\n\n4. First aid kit: Cuts, scrapes or insect bites might occur at any moment. No matter where you\u2019re camping, it\u2019s important to have a first aid kit with necessary medicines, bandages, and antiseptics at hand.\n\n5. Flashlight, Lantern or Headlamp: Once the sun sets, things can get pretty dark in the wilderness. So, carry a light source with you such as a flashlight, lantern, or a headlamp to illuminate your campsite and surrounding areas.\n*****QUESTION:***** If there is an explanation: Does the explanation include illustrative elements (e.g. examples)?", "index": 180}, {"instruction": "Come up with a list of 5 basic items needed to camp.", "input": "", "output": "Sure, here is a list of 5 basic essential items needed for camping:\n\n1. Tent: A shelter is absolutely necessary during camping. A tent provides a place to sleep, store gear and protection from the weather, bugs or animals. \n\n2. Sleeping Bag: A good quality sleeping bag will keep you warm, dry and comfortable even during extreme weather conditions.\n\n3. Camp stove or portable grill: Whether you're boiling water, cooking a simple meal or brewing coffee, a portable stove or grill will make your life much easier while camping.\n\n4. First aid kit: Cuts, scrapes or insect bites might occur at any moment. No matter where you\u2019re camping, it\u2019s important to have a first aid kit with necessary medicines, bandages, and antiseptics at hand.\n\n5. Flashlight, Lantern or Headlamp: Once the sun sets, things can get pretty dark in the wilderness. So, carry a light source with you such as a flashlight, lantern, or a headlamp to illuminate your campsite and surrounding areas.", "all_data": "*****INSTRUCTION:***** Come up with a list of 5 basic items needed to camp.\n\n*****OUTPUT:***** Sure, here is a list of 5 basic essential items needed for camping:\n\n1. Tent: A shelter is absolutely necessary during camping. A tent provides a place to sleep, store gear and protection from the weather, bugs or animals. \n\n2. Sleeping Bag: A good quality sleeping bag will keep you warm, dry and comfortable even during extreme weather conditions.\n\n3. Camp stove or portable grill: Whether you're boiling water, cooking a simple meal or brewing coffee, a portable stove or grill will make your life much easier while camping.\n\n4. First aid kit: Cuts, scrapes or insect bites might occur at any moment. No matter where you\u2019re camping, it\u2019s important to have a first aid kit with necessary medicines, bandages, and antiseptics at hand.\n\n5. Flashlight, Lantern or Headlamp: Once the sun sets, things can get pretty dark in the wilderness. So, carry a light source with you such as a flashlight, lantern, or a headlamp to illuminate your campsite and surrounding areas.\n*****QUESTION:***** If there is an explanation: Is the explanation misleading (e.g. arguing for a label that is wrong)?", "index": 181}, {"instruction": "Describe the risk factors for heart attack.", "input": "", "output": "A heart attack occurs when the flow of blood to your heart is blocked. There are several risk factors that can increase your chances of having a heart attack, including:\n\n1. Age: Risk of a heart attack increase with age. Men over the age of 45 and women over the age of 55 are more likely to have a heart attack.\n\n2. Family history: If you have a family history of heart disease or heart attacks, you may be at an increased risk.\n\n3. High blood pressure: High blood pressure can damage your arteries, making them more likely to become blocked.\n\n4. High cholesterol: High levels of low-density lipoprotein (LDL), or \"bad,\" cholesterol can increase your risk of a heart attack.\n\n5. Tobacco use: Smoking or using tobacco products can damage your heart and blood vessels, increasing your risk of a heart attack.\n\n6. Diabetes: Diabetes increases your risk of a heart attack as it can damage your blood vessels and nerves that control your heart.\n\n7. Obesity: Being overweight or obese can increase your risk of a heart attack as it can lead to other conditions such as high blood pressure and high cholesterol.\n\n8. Sedentary lifestyle: A lack of physical activity can increase your risk of a heart attack.\n\n9. Stress: Chronic stress or sudden, intense stress can trigger a heart attack.\n\n10. Substance abuse: The use of certain drugs, such as cocaine or methamphetamine, can cause a heart attack.\n\nIt's important to note that some people may have no risk factors and still experience a heart attack, while others may have multiple risk factors but never suffer a heart attack. Keeping your risk factors under control can help lower your chances of having a heart attack.", "all_data": "*****INSTRUCTION:***** Describe the risk factors for heart attack.\n\n*****OUTPUT:***** A heart attack occurs when the flow of blood to your heart is blocked. There are several risk factors that can increase your chances of having a heart attack, including:\n\n1. Age: Risk of a heart attack increase with age. Men over the age of 45 and women over the age of 55 are more likely to have a heart attack.\n\n2. Family history: If you have a family history of heart disease or heart attacks, you may be at an increased risk.\n\n3. High blood pressure: High blood pressure can damage your arteries, making them more likely to become blocked.\n\n4. High cholesterol: High levels of low-density lipoprotein (LDL), or \"bad,\" cholesterol can increase your risk of a heart attack.\n\n5. Tobacco use: Smoking or using tobacco products can damage your heart and blood vessels, increasing your risk of a heart attack.\n\n6. Diabetes: Diabetes increases your risk of a heart attack as it can damage your blood vessels and nerves that control your heart.\n\n7. Obesity: Being overweight or obese can increase your risk of a heart attack as it can lead to other conditions such as high blood pressure and high cholesterol.\n\n8. Sedentary lifestyle: A lack of physical activity can increase your risk of a heart attack.\n\n9. Stress: Chronic stress or sudden, intense stress can trigger a heart attack.\n\n10. Substance abuse: The use of certain drugs, such as cocaine or methamphetamine, can cause a heart attack.\n\nIt's important to note that some people may have no risk factors and still experience a heart attack, while others may have multiple risk factors but never suffer a heart attack. Keeping your risk factors under control can help lower your chances of having a heart attack.\n*****QUESTION:***** Does the output contain an explanation for the prediction?", "index": 182}, {"instruction": "Describe the risk factors for heart attack.", "input": "", "output": "A heart attack occurs when the flow of blood to your heart is blocked. There are several risk factors that can increase your chances of having a heart attack, including:\n\n1. Age: Risk of a heart attack increase with age. Men over the age of 45 and women over the age of 55 are more likely to have a heart attack.\n\n2. Family history: If you have a family history of heart disease or heart attacks, you may be at an increased risk.\n\n3. High blood pressure: High blood pressure can damage your arteries, making them more likely to become blocked.\n\n4. High cholesterol: High levels of low-density lipoprotein (LDL), or \"bad,\" cholesterol can increase your risk of a heart attack.\n\n5. Tobacco use: Smoking or using tobacco products can damage your heart and blood vessels, increasing your risk of a heart attack.\n\n6. Diabetes: Diabetes increases your risk of a heart attack as it can damage your blood vessels and nerves that control your heart.\n\n7. Obesity: Being overweight or obese can increase your risk of a heart attack as it can lead to other conditions such as high blood pressure and high cholesterol.\n\n8. Sedentary lifestyle: A lack of physical activity can increase your risk of a heart attack.\n\n9. Stress: Chronic stress or sudden, intense stress can trigger a heart attack.\n\n10. Substance abuse: The use of certain drugs, such as cocaine or methamphetamine, can cause a heart attack.\n\nIt's important to note that some people may have no risk factors and still experience a heart attack, while others may have multiple risk factors but never suffer a heart attack. Keeping your risk factors under control can help lower your chances of having a heart attack.", "all_data": "*****INSTRUCTION:***** Describe the risk factors for heart attack.\n\n*****OUTPUT:***** A heart attack occurs when the flow of blood to your heart is blocked. There are several risk factors that can increase your chances of having a heart attack, including:\n\n1. Age: Risk of a heart attack increase with age. Men over the age of 45 and women over the age of 55 are more likely to have a heart attack.\n\n2. Family history: If you have a family history of heart disease or heart attacks, you may be at an increased risk.\n\n3. High blood pressure: High blood pressure can damage your arteries, making them more likely to become blocked.\n\n4. High cholesterol: High levels of low-density lipoprotein (LDL), or \"bad,\" cholesterol can increase your risk of a heart attack.\n\n5. Tobacco use: Smoking or using tobacco products can damage your heart and blood vessels, increasing your risk of a heart attack.\n\n6. Diabetes: Diabetes increases your risk of a heart attack as it can damage your blood vessels and nerves that control your heart.\n\n7. Obesity: Being overweight or obese can increase your risk of a heart attack as it can lead to other conditions such as high blood pressure and high cholesterol.\n\n8. Sedentary lifestyle: A lack of physical activity can increase your risk of a heart attack.\n\n9. Stress: Chronic stress or sudden, intense stress can trigger a heart attack.\n\n10. Substance abuse: The use of certain drugs, such as cocaine or methamphetamine, can cause a heart attack.\n\nIt's important to note that some people may have no risk factors and still experience a heart attack, while others may have multiple risk factors but never suffer a heart attack. Keeping your risk factors under control can help lower your chances of having a heart attack.\n*****QUESTION:***** Would you give an explanation/justify your reasoning if you were asked this question by a friend?", "index": 183}, {"instruction": "Describe the risk factors for heart attack.", "input": "", "output": "A heart attack occurs when the flow of blood to your heart is blocked. There are several risk factors that can increase your chances of having a heart attack, including:\n\n1. Age: Risk of a heart attack increase with age. Men over the age of 45 and women over the age of 55 are more likely to have a heart attack.\n\n2. Family history: If you have a family history of heart disease or heart attacks, you may be at an increased risk.\n\n3. High blood pressure: High blood pressure can damage your arteries, making them more likely to become blocked.\n\n4. High cholesterol: High levels of low-density lipoprotein (LDL), or \"bad,\" cholesterol can increase your risk of a heart attack.\n\n5. Tobacco use: Smoking or using tobacco products can damage your heart and blood vessels, increasing your risk of a heart attack.\n\n6. Diabetes: Diabetes increases your risk of a heart attack as it can damage your blood vessels and nerves that control your heart.\n\n7. Obesity: Being overweight or obese can increase your risk of a heart attack as it can lead to other conditions such as high blood pressure and high cholesterol.\n\n8. Sedentary lifestyle: A lack of physical activity can increase your risk of a heart attack.\n\n9. Stress: Chronic stress or sudden, intense stress can trigger a heart attack.\n\n10. Substance abuse: The use of certain drugs, such as cocaine or methamphetamine, can cause a heart attack.\n\nIt's important to note that some people may have no risk factors and still experience a heart attack, while others may have multiple risk factors but never suffer a heart attack. Keeping your risk factors under control can help lower your chances of having a heart attack.", "all_data": "*****INSTRUCTION:***** Describe the risk factors for heart attack.\n\n*****OUTPUT:***** A heart attack occurs when the flow of blood to your heart is blocked. There are several risk factors that can increase your chances of having a heart attack, including:\n\n1. Age: Risk of a heart attack increase with age. Men over the age of 45 and women over the age of 55 are more likely to have a heart attack.\n\n2. Family history: If you have a family history of heart disease or heart attacks, you may be at an increased risk.\n\n3. High blood pressure: High blood pressure can damage your arteries, making them more likely to become blocked.\n\n4. High cholesterol: High levels of low-density lipoprotein (LDL), or \"bad,\" cholesterol can increase your risk of a heart attack.\n\n5. Tobacco use: Smoking or using tobacco products can damage your heart and blood vessels, increasing your risk of a heart attack.\n\n6. Diabetes: Diabetes increases your risk of a heart attack as it can damage your blood vessels and nerves that control your heart.\n\n7. Obesity: Being overweight or obese can increase your risk of a heart attack as it can lead to other conditions such as high blood pressure and high cholesterol.\n\n8. Sedentary lifestyle: A lack of physical activity can increase your risk of a heart attack.\n\n9. Stress: Chronic stress or sudden, intense stress can trigger a heart attack.\n\n10. Substance abuse: The use of certain drugs, such as cocaine or methamphetamine, can cause a heart attack.\n\nIt's important to note that some people may have no risk factors and still experience a heart attack, while others may have multiple risk factors but never suffer a heart attack. Keeping your risk factors under control can help lower your chances of having a heart attack.\n*****QUESTION:***** If there is an explanation: Does the explanation refer to commonsense concepts that are taken as given?", "index": 184}, {"instruction": "Describe the risk factors for heart attack.", "input": "", "output": "A heart attack occurs when the flow of blood to your heart is blocked. There are several risk factors that can increase your chances of having a heart attack, including:\n\n1. Age: Risk of a heart attack increase with age. Men over the age of 45 and women over the age of 55 are more likely to have a heart attack.\n\n2. Family history: If you have a family history of heart disease or heart attacks, you may be at an increased risk.\n\n3. High blood pressure: High blood pressure can damage your arteries, making them more likely to become blocked.\n\n4. High cholesterol: High levels of low-density lipoprotein (LDL), or \"bad,\" cholesterol can increase your risk of a heart attack.\n\n5. Tobacco use: Smoking or using tobacco products can damage your heart and blood vessels, increasing your risk of a heart attack.\n\n6. Diabetes: Diabetes increases your risk of a heart attack as it can damage your blood vessels and nerves that control your heart.\n\n7. Obesity: Being overweight or obese can increase your risk of a heart attack as it can lead to other conditions such as high blood pressure and high cholesterol.\n\n8. Sedentary lifestyle: A lack of physical activity can increase your risk of a heart attack.\n\n9. Stress: Chronic stress or sudden, intense stress can trigger a heart attack.\n\n10. Substance abuse: The use of certain drugs, such as cocaine or methamphetamine, can cause a heart attack.\n\nIt's important to note that some people may have no risk factors and still experience a heart attack, while others may have multiple risk factors but never suffer a heart attack. Keeping your risk factors under control can help lower your chances of having a heart attack.", "all_data": "*****INSTRUCTION:***** Describe the risk factors for heart attack.\n\n*****OUTPUT:***** A heart attack occurs when the flow of blood to your heart is blocked. There are several risk factors that can increase your chances of having a heart attack, including:\n\n1. Age: Risk of a heart attack increase with age. Men over the age of 45 and women over the age of 55 are more likely to have a heart attack.\n\n2. Family history: If you have a family history of heart disease or heart attacks, you may be at an increased risk.\n\n3. High blood pressure: High blood pressure can damage your arteries, making them more likely to become blocked.\n\n4. High cholesterol: High levels of low-density lipoprotein (LDL), or \"bad,\" cholesterol can increase your risk of a heart attack.\n\n5. Tobacco use: Smoking or using tobacco products can damage your heart and blood vessels, increasing your risk of a heart attack.\n\n6. Diabetes: Diabetes increases your risk of a heart attack as it can damage your blood vessels and nerves that control your heart.\n\n7. Obesity: Being overweight or obese can increase your risk of a heart attack as it can lead to other conditions such as high blood pressure and high cholesterol.\n\n8. Sedentary lifestyle: A lack of physical activity can increase your risk of a heart attack.\n\n9. Stress: Chronic stress or sudden, intense stress can trigger a heart attack.\n\n10. Substance abuse: The use of certain drugs, such as cocaine or methamphetamine, can cause a heart attack.\n\nIt's important to note that some people may have no risk factors and still experience a heart attack, while others may have multiple risk factors but never suffer a heart attack. Keeping your risk factors under control can help lower your chances of having a heart attack.\n*****QUESTION:***** If there is an explanation: Does the explanation list contributing factors?", "index": 185}, {"instruction": "Describe the risk factors for heart attack.", "input": "", "output": "A heart attack occurs when the flow of blood to your heart is blocked. There are several risk factors that can increase your chances of having a heart attack, including:\n\n1. Age: Risk of a heart attack increase with age. Men over the age of 45 and women over the age of 55 are more likely to have a heart attack.\n\n2. Family history: If you have a family history of heart disease or heart attacks, you may be at an increased risk.\n\n3. High blood pressure: High blood pressure can damage your arteries, making them more likely to become blocked.\n\n4. High cholesterol: High levels of low-density lipoprotein (LDL), or \"bad,\" cholesterol can increase your risk of a heart attack.\n\n5. Tobacco use: Smoking or using tobacco products can damage your heart and blood vessels, increasing your risk of a heart attack.\n\n6. Diabetes: Diabetes increases your risk of a heart attack as it can damage your blood vessels and nerves that control your heart.\n\n7. Obesity: Being overweight or obese can increase your risk of a heart attack as it can lead to other conditions such as high blood pressure and high cholesterol.\n\n8. Sedentary lifestyle: A lack of physical activity can increase your risk of a heart attack.\n\n9. Stress: Chronic stress or sudden, intense stress can trigger a heart attack.\n\n10. Substance abuse: The use of certain drugs, such as cocaine or methamphetamine, can cause a heart attack.\n\nIt's important to note that some people may have no risk factors and still experience a heart attack, while others may have multiple risk factors but never suffer a heart attack. Keeping your risk factors under control can help lower your chances of having a heart attack.", "all_data": "*****INSTRUCTION:***** Describe the risk factors for heart attack.\n\n*****OUTPUT:***** A heart attack occurs when the flow of blood to your heart is blocked. There are several risk factors that can increase your chances of having a heart attack, including:\n\n1. Age: Risk of a heart attack increase with age. Men over the age of 45 and women over the age of 55 are more likely to have a heart attack.\n\n2. Family history: If you have a family history of heart disease or heart attacks, you may be at an increased risk.\n\n3. High blood pressure: High blood pressure can damage your arteries, making them more likely to become blocked.\n\n4. High cholesterol: High levels of low-density lipoprotein (LDL), or \"bad,\" cholesterol can increase your risk of a heart attack.\n\n5. Tobacco use: Smoking or using tobacco products can damage your heart and blood vessels, increasing your risk of a heart attack.\n\n6. Diabetes: Diabetes increases your risk of a heart attack as it can damage your blood vessels and nerves that control your heart.\n\n7. Obesity: Being overweight or obese can increase your risk of a heart attack as it can lead to other conditions such as high blood pressure and high cholesterol.\n\n8. Sedentary lifestyle: A lack of physical activity can increase your risk of a heart attack.\n\n9. Stress: Chronic stress or sudden, intense stress can trigger a heart attack.\n\n10. Substance abuse: The use of certain drugs, such as cocaine or methamphetamine, can cause a heart attack.\n\nIt's important to note that some people may have no risk factors and still experience a heart attack, while others may have multiple risk factors but never suffer a heart attack. Keeping your risk factors under control can help lower your chances of having a heart attack.\n*****QUESTION:***** If there is an explanation: Does the explanation include subjective or biased criteria?", "index": 186}, {"instruction": "Describe the risk factors for heart attack.", "input": "", "output": "A heart attack occurs when the flow of blood to your heart is blocked. There are several risk factors that can increase your chances of having a heart attack, including:\n\n1. Age: Risk of a heart attack increase with age. Men over the age of 45 and women over the age of 55 are more likely to have a heart attack.\n\n2. Family history: If you have a family history of heart disease or heart attacks, you may be at an increased risk.\n\n3. High blood pressure: High blood pressure can damage your arteries, making them more likely to become blocked.\n\n4. High cholesterol: High levels of low-density lipoprotein (LDL), or \"bad,\" cholesterol can increase your risk of a heart attack.\n\n5. Tobacco use: Smoking or using tobacco products can damage your heart and blood vessels, increasing your risk of a heart attack.\n\n6. Diabetes: Diabetes increases your risk of a heart attack as it can damage your blood vessels and nerves that control your heart.\n\n7. Obesity: Being overweight or obese can increase your risk of a heart attack as it can lead to other conditions such as high blood pressure and high cholesterol.\n\n8. Sedentary lifestyle: A lack of physical activity can increase your risk of a heart attack.\n\n9. Stress: Chronic stress or sudden, intense stress can trigger a heart attack.\n\n10. Substance abuse: The use of certain drugs, such as cocaine or methamphetamine, can cause a heart attack.\n\nIt's important to note that some people may have no risk factors and still experience a heart attack, while others may have multiple risk factors but never suffer a heart attack. Keeping your risk factors under control can help lower your chances of having a heart attack.", "all_data": "*****INSTRUCTION:***** Describe the risk factors for heart attack.\n\n*****OUTPUT:***** A heart attack occurs when the flow of blood to your heart is blocked. There are several risk factors that can increase your chances of having a heart attack, including:\n\n1. Age: Risk of a heart attack increase with age. Men over the age of 45 and women over the age of 55 are more likely to have a heart attack.\n\n2. Family history: If you have a family history of heart disease or heart attacks, you may be at an increased risk.\n\n3. High blood pressure: High blood pressure can damage your arteries, making them more likely to become blocked.\n\n4. High cholesterol: High levels of low-density lipoprotein (LDL), or \"bad,\" cholesterol can increase your risk of a heart attack.\n\n5. Tobacco use: Smoking or using tobacco products can damage your heart and blood vessels, increasing your risk of a heart attack.\n\n6. Diabetes: Diabetes increases your risk of a heart attack as it can damage your blood vessels and nerves that control your heart.\n\n7. Obesity: Being overweight or obese can increase your risk of a heart attack as it can lead to other conditions such as high blood pressure and high cholesterol.\n\n8. Sedentary lifestyle: A lack of physical activity can increase your risk of a heart attack.\n\n9. Stress: Chronic stress or sudden, intense stress can trigger a heart attack.\n\n10. Substance abuse: The use of certain drugs, such as cocaine or methamphetamine, can cause a heart attack.\n\nIt's important to note that some people may have no risk factors and still experience a heart attack, while others may have multiple risk factors but never suffer a heart attack. Keeping your risk factors under control can help lower your chances of having a heart attack.\n*****QUESTION:***** If there is an explanation: Does the explanation include illustrative elements (e.g. examples)?", "index": 187}, {"instruction": "Describe the risk factors for heart attack.", "input": "", "output": "A heart attack occurs when the flow of blood to your heart is blocked. There are several risk factors that can increase your chances of having a heart attack, including:\n\n1. Age: Risk of a heart attack increase with age. Men over the age of 45 and women over the age of 55 are more likely to have a heart attack.\n\n2. Family history: If you have a family history of heart disease or heart attacks, you may be at an increased risk.\n\n3. High blood pressure: High blood pressure can damage your arteries, making them more likely to become blocked.\n\n4. High cholesterol: High levels of low-density lipoprotein (LDL), or \"bad,\" cholesterol can increase your risk of a heart attack.\n\n5. Tobacco use: Smoking or using tobacco products can damage your heart and blood vessels, increasing your risk of a heart attack.\n\n6. Diabetes: Diabetes increases your risk of a heart attack as it can damage your blood vessels and nerves that control your heart.\n\n7. Obesity: Being overweight or obese can increase your risk of a heart attack as it can lead to other conditions such as high blood pressure and high cholesterol.\n\n8. Sedentary lifestyle: A lack of physical activity can increase your risk of a heart attack.\n\n9. Stress: Chronic stress or sudden, intense stress can trigger a heart attack.\n\n10. Substance abuse: The use of certain drugs, such as cocaine or methamphetamine, can cause a heart attack.\n\nIt's important to note that some people may have no risk factors and still experience a heart attack, while others may have multiple risk factors but never suffer a heart attack. Keeping your risk factors under control can help lower your chances of having a heart attack.", "all_data": "*****INSTRUCTION:***** Describe the risk factors for heart attack.\n\n*****OUTPUT:***** A heart attack occurs when the flow of blood to your heart is blocked. There are several risk factors that can increase your chances of having a heart attack, including:\n\n1. Age: Risk of a heart attack increase with age. Men over the age of 45 and women over the age of 55 are more likely to have a heart attack.\n\n2. Family history: If you have a family history of heart disease or heart attacks, you may be at an increased risk.\n\n3. High blood pressure: High blood pressure can damage your arteries, making them more likely to become blocked.\n\n4. High cholesterol: High levels of low-density lipoprotein (LDL), or \"bad,\" cholesterol can increase your risk of a heart attack.\n\n5. Tobacco use: Smoking or using tobacco products can damage your heart and blood vessels, increasing your risk of a heart attack.\n\n6. Diabetes: Diabetes increases your risk of a heart attack as it can damage your blood vessels and nerves that control your heart.\n\n7. Obesity: Being overweight or obese can increase your risk of a heart attack as it can lead to other conditions such as high blood pressure and high cholesterol.\n\n8. Sedentary lifestyle: A lack of physical activity can increase your risk of a heart attack.\n\n9. Stress: Chronic stress or sudden, intense stress can trigger a heart attack.\n\n10. Substance abuse: The use of certain drugs, such as cocaine or methamphetamine, can cause a heart attack.\n\nIt's important to note that some people may have no risk factors and still experience a heart attack, while others may have multiple risk factors but never suffer a heart attack. Keeping your risk factors under control can help lower your chances of having a heart attack.\n*****QUESTION:***** If there is an explanation: Is the explanation misleading (e.g. arguing for a label that is wrong)?", "index": 188}, {"instruction": "Categorize the following tweet as positive, negative, or neutral: That was incredible!", "input": "", "output": "The tweet: \"That was incredible!\" can be categorized as positive.", "all_data": "*****INSTRUCTION:***** Categorize the following tweet as positive, negative, or neutral: That was incredible!\n\n*****OUTPUT:***** The tweet: \"That was incredible!\" can be categorized as positive.\n*****QUESTION:***** Does the output contain an explanation for the prediction?", "index": 189}, {"instruction": "Categorize the following tweet as positive, negative, or neutral: That was incredible!", "input": "", "output": "The tweet: \"That was incredible!\" can be categorized as positive.", "all_data": "*****INSTRUCTION:***** Categorize the following tweet as positive, negative, or neutral: That was incredible!\n\n*****OUTPUT:***** The tweet: \"That was incredible!\" can be categorized as positive.\n*****QUESTION:***** Would you give an explanation/justify your reasoning if you were asked this question by a friend?", "index": 190}, {"instruction": "Categorize the following tweet as positive, negative, or neutral: That was incredible!", "input": "", "output": "The tweet: \"That was incredible!\" can be categorized as positive.", "all_data": "*****INSTRUCTION:***** Categorize the following tweet as positive, negative, or neutral: That was incredible!\n\n*****OUTPUT:***** The tweet: \"That was incredible!\" can be categorized as positive.\n*****QUESTION:***** If there is an explanation: Does the explanation refer to commonsense concepts that are taken as given?", "index": 191}, {"instruction": "Categorize the following tweet as positive, negative, or neutral: That was incredible!", "input": "", "output": "The tweet: \"That was incredible!\" can be categorized as positive.", "all_data": "*****INSTRUCTION:***** Categorize the following tweet as positive, negative, or neutral: That was incredible!\n\n*****OUTPUT:***** The tweet: \"That was incredible!\" can be categorized as positive.\n*****QUESTION:***** If there is an explanation: Does the explanation list contributing factors?", "index": 192}, {"instruction": "Categorize the following tweet as positive, negative, or neutral: That was incredible!", "input": "", "output": "The tweet: \"That was incredible!\" can be categorized as positive.", "all_data": "*****INSTRUCTION:***** Categorize the following tweet as positive, negative, or neutral: That was incredible!\n\n*****OUTPUT:***** The tweet: \"That was incredible!\" can be categorized as positive.\n*****QUESTION:***** If there is an explanation: Does the explanation include subjective or biased criteria?", "index": 193}, {"instruction": "Categorize the following tweet as positive, negative, or neutral: That was incredible!", "input": "", "output": "The tweet: \"That was incredible!\" can be categorized as positive.", "all_data": "*****INSTRUCTION:***** Categorize the following tweet as positive, negative, or neutral: That was incredible!\n\n*****OUTPUT:***** The tweet: \"That was incredible!\" can be categorized as positive.\n*****QUESTION:***** If there is an explanation: Does the explanation include illustrative elements (e.g. examples)?", "index": 194}, {"instruction": "Categorize the following tweet as positive, negative, or neutral: That was incredible!", "input": "", "output": "The tweet: \"That was incredible!\" can be categorized as positive.", "all_data": "*****INSTRUCTION:***** Categorize the following tweet as positive, negative, or neutral: That was incredible!\n\n*****OUTPUT:***** The tweet: \"That was incredible!\" can be categorized as positive.\n*****QUESTION:***** If there is an explanation: Is the explanation misleading (e.g. arguing for a label that is wrong)?", "index": 195}, {"instruction": "Brainstorm 5 ways a company can reduce their losses.", "input": "", "output": "1. Identifying and Addressing Unprofitable Areas: A company can reduce losses by conducting an extensive analysis of their operations and identifying any areas that are consistently unprofitable. Once identified, the company can take measures to either improve the performance of those areas, or possibly cut or reduce them.\n\n2. Cost Reduction: Companies can also reduce losses by implementing cost reduction strategies that target expenses across the organization. This might include negotiating better terms with suppliers, streamlining processes to reduce waste, downsizing the workforce, or reducing employee benefits.\n\n3. Increase Revenue: Another way to reduce losses is to focus on increasing revenue. This can be achieved through expanding the customer base, increasing sales, developing new products or services, and raising prices.\n\n4. Debt Management: Managing debt effectively is another way to minimize losses. This can be accomplished by paying off high-interest debts, consolidating debts, or negotiating better terms for outstanding loans.\n\n5. Regular Monitoring and Forecasting: To avoid significant losses, companies should have a robust monitoring and forecasting system in place. This system can help identify any potential financial pitfalls, and allow the company to take corrective action before significant losses are incurred. By staying on top of the company\u2019s financial health, losses can be kept to a minimum.", "all_data": "*****INSTRUCTION:***** Brainstorm 5 ways a company can reduce their losses.\n\n*****OUTPUT:***** 1. Identifying and Addressing Unprofitable Areas: A company can reduce losses by conducting an extensive analysis of their operations and identifying any areas that are consistently unprofitable. Once identified, the company can take measures to either improve the performance of those areas, or possibly cut or reduce them.\n\n2. Cost Reduction: Companies can also reduce losses by implementing cost reduction strategies that target expenses across the organization. This might include negotiating better terms with suppliers, streamlining processes to reduce waste, downsizing the workforce, or reducing employee benefits.\n\n3. Increase Revenue: Another way to reduce losses is to focus on increasing revenue. This can be achieved through expanding the customer base, increasing sales, developing new products or services, and raising prices.\n\n4. Debt Management: Managing debt effectively is another way to minimize losses. This can be accomplished by paying off high-interest debts, consolidating debts, or negotiating better terms for outstanding loans.\n\n5. Regular Monitoring and Forecasting: To avoid significant losses, companies should have a robust monitoring and forecasting system in place. This system can help identify any potential financial pitfalls, and allow the company to take corrective action before significant losses are incurred. By staying on top of the company\u2019s financial health, losses can be kept to a minimum.\n*****QUESTION:***** Does the output contain an explanation for the prediction?", "index": 196}, {"instruction": "Brainstorm 5 ways a company can reduce their losses.", "input": "", "output": "1. Identifying and Addressing Unprofitable Areas: A company can reduce losses by conducting an extensive analysis of their operations and identifying any areas that are consistently unprofitable. Once identified, the company can take measures to either improve the performance of those areas, or possibly cut or reduce them.\n\n2. Cost Reduction: Companies can also reduce losses by implementing cost reduction strategies that target expenses across the organization. This might include negotiating better terms with suppliers, streamlining processes to reduce waste, downsizing the workforce, or reducing employee benefits.\n\n3. Increase Revenue: Another way to reduce losses is to focus on increasing revenue. This can be achieved through expanding the customer base, increasing sales, developing new products or services, and raising prices.\n\n4. Debt Management: Managing debt effectively is another way to minimize losses. This can be accomplished by paying off high-interest debts, consolidating debts, or negotiating better terms for outstanding loans.\n\n5. Regular Monitoring and Forecasting: To avoid significant losses, companies should have a robust monitoring and forecasting system in place. This system can help identify any potential financial pitfalls, and allow the company to take corrective action before significant losses are incurred. By staying on top of the company\u2019s financial health, losses can be kept to a minimum.", "all_data": "*****INSTRUCTION:***** Brainstorm 5 ways a company can reduce their losses.\n\n*****OUTPUT:***** 1. Identifying and Addressing Unprofitable Areas: A company can reduce losses by conducting an extensive analysis of their operations and identifying any areas that are consistently unprofitable. Once identified, the company can take measures to either improve the performance of those areas, or possibly cut or reduce them.\n\n2. Cost Reduction: Companies can also reduce losses by implementing cost reduction strategies that target expenses across the organization. This might include negotiating better terms with suppliers, streamlining processes to reduce waste, downsizing the workforce, or reducing employee benefits.\n\n3. Increase Revenue: Another way to reduce losses is to focus on increasing revenue. This can be achieved through expanding the customer base, increasing sales, developing new products or services, and raising prices.\n\n4. Debt Management: Managing debt effectively is another way to minimize losses. This can be accomplished by paying off high-interest debts, consolidating debts, or negotiating better terms for outstanding loans.\n\n5. Regular Monitoring and Forecasting: To avoid significant losses, companies should have a robust monitoring and forecasting system in place. This system can help identify any potential financial pitfalls, and allow the company to take corrective action before significant losses are incurred. By staying on top of the company\u2019s financial health, losses can be kept to a minimum.\n*****QUESTION:***** Would you give an explanation/justify your reasoning if you were asked this question by a friend?", "index": 197}, {"instruction": "Brainstorm 5 ways a company can reduce their losses.", "input": "", "output": "1. Identifying and Addressing Unprofitable Areas: A company can reduce losses by conducting an extensive analysis of their operations and identifying any areas that are consistently unprofitable. Once identified, the company can take measures to either improve the performance of those areas, or possibly cut or reduce them.\n\n2. Cost Reduction: Companies can also reduce losses by implementing cost reduction strategies that target expenses across the organization. This might include negotiating better terms with suppliers, streamlining processes to reduce waste, downsizing the workforce, or reducing employee benefits.\n\n3. Increase Revenue: Another way to reduce losses is to focus on increasing revenue. This can be achieved through expanding the customer base, increasing sales, developing new products or services, and raising prices.\n\n4. Debt Management: Managing debt effectively is another way to minimize losses. This can be accomplished by paying off high-interest debts, consolidating debts, or negotiating better terms for outstanding loans.\n\n5. Regular Monitoring and Forecasting: To avoid significant losses, companies should have a robust monitoring and forecasting system in place. This system can help identify any potential financial pitfalls, and allow the company to take corrective action before significant losses are incurred. By staying on top of the company\u2019s financial health, losses can be kept to a minimum.", "all_data": "*****INSTRUCTION:***** Brainstorm 5 ways a company can reduce their losses.\n\n*****OUTPUT:***** 1. Identifying and Addressing Unprofitable Areas: A company can reduce losses by conducting an extensive analysis of their operations and identifying any areas that are consistently unprofitable. Once identified, the company can take measures to either improve the performance of those areas, or possibly cut or reduce them.\n\n2. Cost Reduction: Companies can also reduce losses by implementing cost reduction strategies that target expenses across the organization. This might include negotiating better terms with suppliers, streamlining processes to reduce waste, downsizing the workforce, or reducing employee benefits.\n\n3. Increase Revenue: Another way to reduce losses is to focus on increasing revenue. This can be achieved through expanding the customer base, increasing sales, developing new products or services, and raising prices.\n\n4. Debt Management: Managing debt effectively is another way to minimize losses. This can be accomplished by paying off high-interest debts, consolidating debts, or negotiating better terms for outstanding loans.\n\n5. Regular Monitoring and Forecasting: To avoid significant losses, companies should have a robust monitoring and forecasting system in place. This system can help identify any potential financial pitfalls, and allow the company to take corrective action before significant losses are incurred. By staying on top of the company\u2019s financial health, losses can be kept to a minimum.\n*****QUESTION:***** If there is an explanation: Does the explanation refer to commonsense concepts that are taken as given?", "index": 198}, {"instruction": "Brainstorm 5 ways a company can reduce their losses.", "input": "", "output": "1. Identifying and Addressing Unprofitable Areas: A company can reduce losses by conducting an extensive analysis of their operations and identifying any areas that are consistently unprofitable. Once identified, the company can take measures to either improve the performance of those areas, or possibly cut or reduce them.\n\n2. Cost Reduction: Companies can also reduce losses by implementing cost reduction strategies that target expenses across the organization. This might include negotiating better terms with suppliers, streamlining processes to reduce waste, downsizing the workforce, or reducing employee benefits.\n\n3. Increase Revenue: Another way to reduce losses is to focus on increasing revenue. This can be achieved through expanding the customer base, increasing sales, developing new products or services, and raising prices.\n\n4. Debt Management: Managing debt effectively is another way to minimize losses. This can be accomplished by paying off high-interest debts, consolidating debts, or negotiating better terms for outstanding loans.\n\n5. Regular Monitoring and Forecasting: To avoid significant losses, companies should have a robust monitoring and forecasting system in place. This system can help identify any potential financial pitfalls, and allow the company to take corrective action before significant losses are incurred. By staying on top of the company\u2019s financial health, losses can be kept to a minimum.", "all_data": "*****INSTRUCTION:***** Brainstorm 5 ways a company can reduce their losses.\n\n*****OUTPUT:***** 1. Identifying and Addressing Unprofitable Areas: A company can reduce losses by conducting an extensive analysis of their operations and identifying any areas that are consistently unprofitable. Once identified, the company can take measures to either improve the performance of those areas, or possibly cut or reduce them.\n\n2. Cost Reduction: Companies can also reduce losses by implementing cost reduction strategies that target expenses across the organization. This might include negotiating better terms with suppliers, streamlining processes to reduce waste, downsizing the workforce, or reducing employee benefits.\n\n3. Increase Revenue: Another way to reduce losses is to focus on increasing revenue. This can be achieved through expanding the customer base, increasing sales, developing new products or services, and raising prices.\n\n4. Debt Management: Managing debt effectively is another way to minimize losses. This can be accomplished by paying off high-interest debts, consolidating debts, or negotiating better terms for outstanding loans.\n\n5. Regular Monitoring and Forecasting: To avoid significant losses, companies should have a robust monitoring and forecasting system in place. This system can help identify any potential financial pitfalls, and allow the company to take corrective action before significant losses are incurred. By staying on top of the company\u2019s financial health, losses can be kept to a minimum.\n*****QUESTION:***** If there is an explanation: Does the explanation list contributing factors?", "index": 199}, {"instruction": "Brainstorm 5 ways a company can reduce their losses.", "input": "", "output": "1. Identifying and Addressing Unprofitable Areas: A company can reduce losses by conducting an extensive analysis of their operations and identifying any areas that are consistently unprofitable. Once identified, the company can take measures to either improve the performance of those areas, or possibly cut or reduce them.\n\n2. Cost Reduction: Companies can also reduce losses by implementing cost reduction strategies that target expenses across the organization. This might include negotiating better terms with suppliers, streamlining processes to reduce waste, downsizing the workforce, or reducing employee benefits.\n\n3. Increase Revenue: Another way to reduce losses is to focus on increasing revenue. This can be achieved through expanding the customer base, increasing sales, developing new products or services, and raising prices.\n\n4. Debt Management: Managing debt effectively is another way to minimize losses. This can be accomplished by paying off high-interest debts, consolidating debts, or negotiating better terms for outstanding loans.\n\n5. Regular Monitoring and Forecasting: To avoid significant losses, companies should have a robust monitoring and forecasting system in place. This system can help identify any potential financial pitfalls, and allow the company to take corrective action before significant losses are incurred. By staying on top of the company\u2019s financial health, losses can be kept to a minimum.", "all_data": "*****INSTRUCTION:***** Brainstorm 5 ways a company can reduce their losses.\n\n*****OUTPUT:***** 1. Identifying and Addressing Unprofitable Areas: A company can reduce losses by conducting an extensive analysis of their operations and identifying any areas that are consistently unprofitable. Once identified, the company can take measures to either improve the performance of those areas, or possibly cut or reduce them.\n\n2. Cost Reduction: Companies can also reduce losses by implementing cost reduction strategies that target expenses across the organization. This might include negotiating better terms with suppliers, streamlining processes to reduce waste, downsizing the workforce, or reducing employee benefits.\n\n3. Increase Revenue: Another way to reduce losses is to focus on increasing revenue. This can be achieved through expanding the customer base, increasing sales, developing new products or services, and raising prices.\n\n4. Debt Management: Managing debt effectively is another way to minimize losses. This can be accomplished by paying off high-interest debts, consolidating debts, or negotiating better terms for outstanding loans.\n\n5. Regular Monitoring and Forecasting: To avoid significant losses, companies should have a robust monitoring and forecasting system in place. This system can help identify any potential financial pitfalls, and allow the company to take corrective action before significant losses are incurred. By staying on top of the company\u2019s financial health, losses can be kept to a minimum.\n*****QUESTION:***** If there is an explanation: Does the explanation include subjective or biased criteria?", "index": 200}, {"instruction": "Brainstorm 5 ways a company can reduce their losses.", "input": "", "output": "1. Identifying and Addressing Unprofitable Areas: A company can reduce losses by conducting an extensive analysis of their operations and identifying any areas that are consistently unprofitable. Once identified, the company can take measures to either improve the performance of those areas, or possibly cut or reduce them.\n\n2. Cost Reduction: Companies can also reduce losses by implementing cost reduction strategies that target expenses across the organization. This might include negotiating better terms with suppliers, streamlining processes to reduce waste, downsizing the workforce, or reducing employee benefits.\n\n3. Increase Revenue: Another way to reduce losses is to focus on increasing revenue. This can be achieved through expanding the customer base, increasing sales, developing new products or services, and raising prices.\n\n4. Debt Management: Managing debt effectively is another way to minimize losses. This can be accomplished by paying off high-interest debts, consolidating debts, or negotiating better terms for outstanding loans.\n\n5. Regular Monitoring and Forecasting: To avoid significant losses, companies should have a robust monitoring and forecasting system in place. This system can help identify any potential financial pitfalls, and allow the company to take corrective action before significant losses are incurred. By staying on top of the company\u2019s financial health, losses can be kept to a minimum.", "all_data": "*****INSTRUCTION:***** Brainstorm 5 ways a company can reduce their losses.\n\n*****OUTPUT:***** 1. Identifying and Addressing Unprofitable Areas: A company can reduce losses by conducting an extensive analysis of their operations and identifying any areas that are consistently unprofitable. Once identified, the company can take measures to either improve the performance of those areas, or possibly cut or reduce them.\n\n2. Cost Reduction: Companies can also reduce losses by implementing cost reduction strategies that target expenses across the organization. This might include negotiating better terms with suppliers, streamlining processes to reduce waste, downsizing the workforce, or reducing employee benefits.\n\n3. Increase Revenue: Another way to reduce losses is to focus on increasing revenue. This can be achieved through expanding the customer base, increasing sales, developing new products or services, and raising prices.\n\n4. Debt Management: Managing debt effectively is another way to minimize losses. This can be accomplished by paying off high-interest debts, consolidating debts, or negotiating better terms for outstanding loans.\n\n5. Regular Monitoring and Forecasting: To avoid significant losses, companies should have a robust monitoring and forecasting system in place. This system can help identify any potential financial pitfalls, and allow the company to take corrective action before significant losses are incurred. By staying on top of the company\u2019s financial health, losses can be kept to a minimum.\n*****QUESTION:***** If there is an explanation: Does the explanation include illustrative elements (e.g. examples)?", "index": 201}, {"instruction": "Brainstorm 5 ways a company can reduce their losses.", "input": "", "output": "1. Identifying and Addressing Unprofitable Areas: A company can reduce losses by conducting an extensive analysis of their operations and identifying any areas that are consistently unprofitable. Once identified, the company can take measures to either improve the performance of those areas, or possibly cut or reduce them.\n\n2. Cost Reduction: Companies can also reduce losses by implementing cost reduction strategies that target expenses across the organization. This might include negotiating better terms with suppliers, streamlining processes to reduce waste, downsizing the workforce, or reducing employee benefits.\n\n3. Increase Revenue: Another way to reduce losses is to focus on increasing revenue. This can be achieved through expanding the customer base, increasing sales, developing new products or services, and raising prices.\n\n4. Debt Management: Managing debt effectively is another way to minimize losses. This can be accomplished by paying off high-interest debts, consolidating debts, or negotiating better terms for outstanding loans.\n\n5. Regular Monitoring and Forecasting: To avoid significant losses, companies should have a robust monitoring and forecasting system in place. This system can help identify any potential financial pitfalls, and allow the company to take corrective action before significant losses are incurred. By staying on top of the company\u2019s financial health, losses can be kept to a minimum.", "all_data": "*****INSTRUCTION:***** Brainstorm 5 ways a company can reduce their losses.\n\n*****OUTPUT:***** 1. Identifying and Addressing Unprofitable Areas: A company can reduce losses by conducting an extensive analysis of their operations and identifying any areas that are consistently unprofitable. Once identified, the company can take measures to either improve the performance of those areas, or possibly cut or reduce them.\n\n2. Cost Reduction: Companies can also reduce losses by implementing cost reduction strategies that target expenses across the organization. This might include negotiating better terms with suppliers, streamlining processes to reduce waste, downsizing the workforce, or reducing employee benefits.\n\n3. Increase Revenue: Another way to reduce losses is to focus on increasing revenue. This can be achieved through expanding the customer base, increasing sales, developing new products or services, and raising prices.\n\n4. Debt Management: Managing debt effectively is another way to minimize losses. This can be accomplished by paying off high-interest debts, consolidating debts, or negotiating better terms for outstanding loans.\n\n5. Regular Monitoring and Forecasting: To avoid significant losses, companies should have a robust monitoring and forecasting system in place. This system can help identify any potential financial pitfalls, and allow the company to take corrective action before significant losses are incurred. By staying on top of the company\u2019s financial health, losses can be kept to a minimum.\n*****QUESTION:***** If there is an explanation: Is the explanation misleading (e.g. arguing for a label that is wrong)?", "index": 202}, {"instruction": "Write the answer to 6+2 and explain why the number is correct.", "input": "", "output": "The answer to 6 + 2 is 8. This is correct because when you add 2 to the number 6, you increase its value by 2. Starting with 6, if you count up two more times (6, 7, 8), you reach the number 8. Another way to think about this is to imagine you have 6 apples and then you get 2 more apples. The total number of apples would be 8. In mathematical terms, the addition operation combines two numbers to give a total or sum, in this case, 6 + 2 equals 8.", "all_data": "*****INSTRUCTION:***** Write the answer to 6+2 and explain why the number is correct.\n\n*****OUTPUT:***** The answer to 6 + 2 is 8. This is correct because when you add 2 to the number 6, you increase its value by 2. Starting with 6, if you count up two more times (6, 7, 8), you reach the number 8. Another way to think about this is to imagine you have 6 apples and then you get 2 more apples. The total number of apples would be 8. In mathematical terms, the addition operation combines two numbers to give a total or sum, in this case, 6 + 2 equals 8.\n*****QUESTION:***** Does the output contain an explanation for the prediction?", "index": 203}, {"instruction": "Write the answer to 6+2 and explain why the number is correct.", "input": "", "output": "The answer to 6 + 2 is 8. This is correct because when you add 2 to the number 6, you increase its value by 2. Starting with 6, if you count up two more times (6, 7, 8), you reach the number 8. Another way to think about this is to imagine you have 6 apples and then you get 2 more apples. The total number of apples would be 8. In mathematical terms, the addition operation combines two numbers to give a total or sum, in this case, 6 + 2 equals 8.", "all_data": "*****INSTRUCTION:***** Write the answer to 6+2 and explain why the number is correct.\n\n*****OUTPUT:***** The answer to 6 + 2 is 8. This is correct because when you add 2 to the number 6, you increase its value by 2. Starting with 6, if you count up two more times (6, 7, 8), you reach the number 8. Another way to think about this is to imagine you have 6 apples and then you get 2 more apples. The total number of apples would be 8. In mathematical terms, the addition operation combines two numbers to give a total or sum, in this case, 6 + 2 equals 8.\n*****QUESTION:***** Would you give an explanation/justify your reasoning if you were asked this question by a friend?", "index": 204}, {"instruction": "Write the answer to 6+2 and explain why the number is correct.", "input": "", "output": "The answer to 6 + 2 is 8. This is correct because when you add 2 to the number 6, you increase its value by 2. Starting with 6, if you count up two more times (6, 7, 8), you reach the number 8. Another way to think about this is to imagine you have 6 apples and then you get 2 more apples. The total number of apples would be 8. In mathematical terms, the addition operation combines two numbers to give a total or sum, in this case, 6 + 2 equals 8.", "all_data": "*****INSTRUCTION:***** Write the answer to 6+2 and explain why the number is correct.\n\n*****OUTPUT:***** The answer to 6 + 2 is 8. This is correct because when you add 2 to the number 6, you increase its value by 2. Starting with 6, if you count up two more times (6, 7, 8), you reach the number 8. Another way to think about this is to imagine you have 6 apples and then you get 2 more apples. The total number of apples would be 8. In mathematical terms, the addition operation combines two numbers to give a total or sum, in this case, 6 + 2 equals 8.\n*****QUESTION:***** If there is an explanation: Does the explanation refer to commonsense concepts that are taken as given?", "index": 205}, {"instruction": "Write the answer to 6+2 and explain why the number is correct.", "input": "", "output": "The answer to 6 + 2 is 8. This is correct because when you add 2 to the number 6, you increase its value by 2. Starting with 6, if you count up two more times (6, 7, 8), you reach the number 8. Another way to think about this is to imagine you have 6 apples and then you get 2 more apples. The total number of apples would be 8. In mathematical terms, the addition operation combines two numbers to give a total or sum, in this case, 6 + 2 equals 8.", "all_data": "*****INSTRUCTION:***** Write the answer to 6+2 and explain why the number is correct.\n\n*****OUTPUT:***** The answer to 6 + 2 is 8. This is correct because when you add 2 to the number 6, you increase its value by 2. Starting with 6, if you count up two more times (6, 7, 8), you reach the number 8. Another way to think about this is to imagine you have 6 apples and then you get 2 more apples. The total number of apples would be 8. In mathematical terms, the addition operation combines two numbers to give a total or sum, in this case, 6 + 2 equals 8.\n*****QUESTION:***** If there is an explanation: Does the explanation list contributing factors?", "index": 206}, {"instruction": "Write the answer to 6+2 and explain why the number is correct.", "input": "", "output": "The answer to 6 + 2 is 8. This is correct because when you add 2 to the number 6, you increase its value by 2. Starting with 6, if you count up two more times (6, 7, 8), you reach the number 8. Another way to think about this is to imagine you have 6 apples and then you get 2 more apples. The total number of apples would be 8. In mathematical terms, the addition operation combines two numbers to give a total or sum, in this case, 6 + 2 equals 8.", "all_data": "*****INSTRUCTION:***** Write the answer to 6+2 and explain why the number is correct.\n\n*****OUTPUT:***** The answer to 6 + 2 is 8. This is correct because when you add 2 to the number 6, you increase its value by 2. Starting with 6, if you count up two more times (6, 7, 8), you reach the number 8. Another way to think about this is to imagine you have 6 apples and then you get 2 more apples. The total number of apples would be 8. In mathematical terms, the addition operation combines two numbers to give a total or sum, in this case, 6 + 2 equals 8.\n*****QUESTION:***** If there is an explanation: Does the explanation include subjective or biased criteria?", "index": 207}, {"instruction": "Write the answer to 6+2 and explain why the number is correct.", "input": "", "output": "The answer to 6 + 2 is 8. This is correct because when you add 2 to the number 6, you increase its value by 2. Starting with 6, if you count up two more times (6, 7, 8), you reach the number 8. Another way to think about this is to imagine you have 6 apples and then you get 2 more apples. The total number of apples would be 8. In mathematical terms, the addition operation combines two numbers to give a total or sum, in this case, 6 + 2 equals 8.", "all_data": "*****INSTRUCTION:***** Write the answer to 6+2 and explain why the number is correct.\n\n*****OUTPUT:***** The answer to 6 + 2 is 8. This is correct because when you add 2 to the number 6, you increase its value by 2. Starting with 6, if you count up two more times (6, 7, 8), you reach the number 8. Another way to think about this is to imagine you have 6 apples and then you get 2 more apples. The total number of apples would be 8. In mathematical terms, the addition operation combines two numbers to give a total or sum, in this case, 6 + 2 equals 8.\n*****QUESTION:***** If there is an explanation: Does the explanation include illustrative elements (e.g. examples)?", "index": 208}, {"instruction": "Write the answer to 6+2 and explain why the number is correct.", "input": "", "output": "The answer to 6 + 2 is 8. This is correct because when you add 2 to the number 6, you increase its value by 2. Starting with 6, if you count up two more times (6, 7, 8), you reach the number 8. Another way to think about this is to imagine you have 6 apples and then you get 2 more apples. The total number of apples would be 8. In mathematical terms, the addition operation combines two numbers to give a total or sum, in this case, 6 + 2 equals 8.", "all_data": "*****INSTRUCTION:***** Write the answer to 6+2 and explain why the number is correct.\n\n*****OUTPUT:***** The answer to 6 + 2 is 8. This is correct because when you add 2 to the number 6, you increase its value by 2. Starting with 6, if you count up two more times (6, 7, 8), you reach the number 8. Another way to think about this is to imagine you have 6 apples and then you get 2 more apples. The total number of apples would be 8. In mathematical terms, the addition operation combines two numbers to give a total or sum, in this case, 6 + 2 equals 8.\n*****QUESTION:***** If there is an explanation: Is the explanation misleading (e.g. arguing for a label that is wrong)?", "index": 209}, {"instruction": "Given a sentence, identify whether it is a declarative or an imperative sentence.", "input": "Please make sure you submit your work on time.", "output": "This is an imperative sentence.", "all_data": "*****INSTRUCTION:***** Given a sentence, identify whether it is a declarative or an imperative sentence.\nPlease make sure you submit your work on time.\n*****OUTPUT:***** This is an imperative sentence.\n*****QUESTION:***** Does the output contain an explanation for the prediction?", "index": 210}, {"instruction": "Given a sentence, identify whether it is a declarative or an imperative sentence.", "input": "Please make sure you submit your work on time.", "output": "This is an imperative sentence.", "all_data": "*****INSTRUCTION:***** Given a sentence, identify whether it is a declarative or an imperative sentence.\nPlease make sure you submit your work on time.\n*****OUTPUT:***** This is an imperative sentence.\n*****QUESTION:***** Would you give an explanation/justify your reasoning if you were asked this question by a friend?", "index": 211}, {"instruction": "Given a sentence, identify whether it is a declarative or an imperative sentence.", "input": "Please make sure you submit your work on time.", "output": "This is an imperative sentence.", "all_data": "*****INSTRUCTION:***** Given a sentence, identify whether it is a declarative or an imperative sentence.\nPlease make sure you submit your work on time.\n*****OUTPUT:***** This is an imperative sentence.\n*****QUESTION:***** If there is an explanation: Does the explanation refer to commonsense concepts that are taken as given?", "index": 212}, {"instruction": "Given a sentence, identify whether it is a declarative or an imperative sentence.", "input": "Please make sure you submit your work on time.", "output": "This is an imperative sentence.", "all_data": "*****INSTRUCTION:***** Given a sentence, identify whether it is a declarative or an imperative sentence.\nPlease make sure you submit your work on time.\n*****OUTPUT:***** This is an imperative sentence.\n*****QUESTION:***** If there is an explanation: Does the explanation list contributing factors?", "index": 213}, {"instruction": "Given a sentence, identify whether it is a declarative or an imperative sentence.", "input": "Please make sure you submit your work on time.", "output": "This is an imperative sentence.", "all_data": "*****INSTRUCTION:***** Given a sentence, identify whether it is a declarative or an imperative sentence.\nPlease make sure you submit your work on time.\n*****OUTPUT:***** This is an imperative sentence.\n*****QUESTION:***** If there is an explanation: Does the explanation include subjective or biased criteria?", "index": 214}, {"instruction": "Given a sentence, identify whether it is a declarative or an imperative sentence.", "input": "Please make sure you submit your work on time.", "output": "This is an imperative sentence.", "all_data": "*****INSTRUCTION:***** Given a sentence, identify whether it is a declarative or an imperative sentence.\nPlease make sure you submit your work on time.\n*****OUTPUT:***** This is an imperative sentence.\n*****QUESTION:***** If there is an explanation: Does the explanation include illustrative elements (e.g. examples)?", "index": 215}, {"instruction": "Given a sentence, identify whether it is a declarative or an imperative sentence.", "input": "Please make sure you submit your work on time.", "output": "This is an imperative sentence.", "all_data": "*****INSTRUCTION:***** Given a sentence, identify whether it is a declarative or an imperative sentence.\nPlease make sure you submit your work on time.\n*****OUTPUT:***** This is an imperative sentence.\n*****QUESTION:***** If there is an explanation: Is the explanation misleading (e.g. arguing for a label that is wrong)?", "index": 216}, {"instruction": "Provide an example of a complex system that consists of several interacting components.", "input": "", "output": "One example of a complex system consisting of several interacting components is a modern transportation system. A transportation system is made up of multiple subsystems, including road networks, public transit, traffic control systems, and vehicle fleets, all working together to move people and goods from one location to another.\n\nThe road network is comprised of highways, streets, and bridges, and is designed to accommodate various modes of transportation, including cars, buses, trucks, and bicycles. Public transit includes buses, subways, and light rail systems, all operated by various agencies and authorities. Traffic control systems use sensors, cameras, and other technologies to monitor and manage the flow of traffic, adjusting traffic signals and speed limits in real-time to reduce congestion and improve safety.\n\nVehicle fleets, from personal cars to commercial trucks, are equipped with a variety of technologies, including GPS navigation, advanced driver assistance systems, and telematics, all of which can communicate with each other and the traffic control systems to improve safety and efficiency.\n\nThese components all interact and are interdependent, with each component affecting the performance of the others. For example, increased use of public transit can reduce traffic congestion, allowing for faster travel times and more efficient use of the road network. Similarly, improvements in traffic control systems can reduce delays for public transit vehicles, improving the reliability and attractiveness of public transit.\n\nOverall, a modern transportation system is a complex system consisting of multiple interacting components, all working together to provide safe, efficient, and convenient transportation for people and goods.", "all_data": "*****INSTRUCTION:***** Provide an example of a complex system that consists of several interacting components.\n\n*****OUTPUT:***** One example of a complex system consisting of several interacting components is a modern transportation system. A transportation system is made up of multiple subsystems, including road networks, public transit, traffic control systems, and vehicle fleets, all working together to move people and goods from one location to another.\n\nThe road network is comprised of highways, streets, and bridges, and is designed to accommodate various modes of transportation, including cars, buses, trucks, and bicycles. Public transit includes buses, subways, and light rail systems, all operated by various agencies and authorities. Traffic control systems use sensors, cameras, and other technologies to monitor and manage the flow of traffic, adjusting traffic signals and speed limits in real-time to reduce congestion and improve safety.\n\nVehicle fleets, from personal cars to commercial trucks, are equipped with a variety of technologies, including GPS navigation, advanced driver assistance systems, and telematics, all of which can communicate with each other and the traffic control systems to improve safety and efficiency.\n\nThese components all interact and are interdependent, with each component affecting the performance of the others. For example, increased use of public transit can reduce traffic congestion, allowing for faster travel times and more efficient use of the road network. Similarly, improvements in traffic control systems can reduce delays for public transit vehicles, improving the reliability and attractiveness of public transit.\n\nOverall, a modern transportation system is a complex system consisting of multiple interacting components, all working together to provide safe, efficient, and convenient transportation for people and goods.\n*****QUESTION:***** Does the output contain an explanation for the prediction?", "index": 217}, {"instruction": "Provide an example of a complex system that consists of several interacting components.", "input": "", "output": "One example of a complex system consisting of several interacting components is a modern transportation system. A transportation system is made up of multiple subsystems, including road networks, public transit, traffic control systems, and vehicle fleets, all working together to move people and goods from one location to another.\n\nThe road network is comprised of highways, streets, and bridges, and is designed to accommodate various modes of transportation, including cars, buses, trucks, and bicycles. Public transit includes buses, subways, and light rail systems, all operated by various agencies and authorities. Traffic control systems use sensors, cameras, and other technologies to monitor and manage the flow of traffic, adjusting traffic signals and speed limits in real-time to reduce congestion and improve safety.\n\nVehicle fleets, from personal cars to commercial trucks, are equipped with a variety of technologies, including GPS navigation, advanced driver assistance systems, and telematics, all of which can communicate with each other and the traffic control systems to improve safety and efficiency.\n\nThese components all interact and are interdependent, with each component affecting the performance of the others. For example, increased use of public transit can reduce traffic congestion, allowing for faster travel times and more efficient use of the road network. Similarly, improvements in traffic control systems can reduce delays for public transit vehicles, improving the reliability and attractiveness of public transit.\n\nOverall, a modern transportation system is a complex system consisting of multiple interacting components, all working together to provide safe, efficient, and convenient transportation for people and goods.", "all_data": "*****INSTRUCTION:***** Provide an example of a complex system that consists of several interacting components.\n\n*****OUTPUT:***** One example of a complex system consisting of several interacting components is a modern transportation system. A transportation system is made up of multiple subsystems, including road networks, public transit, traffic control systems, and vehicle fleets, all working together to move people and goods from one location to another.\n\nThe road network is comprised of highways, streets, and bridges, and is designed to accommodate various modes of transportation, including cars, buses, trucks, and bicycles. Public transit includes buses, subways, and light rail systems, all operated by various agencies and authorities. Traffic control systems use sensors, cameras, and other technologies to monitor and manage the flow of traffic, adjusting traffic signals and speed limits in real-time to reduce congestion and improve safety.\n\nVehicle fleets, from personal cars to commercial trucks, are equipped with a variety of technologies, including GPS navigation, advanced driver assistance systems, and telematics, all of which can communicate with each other and the traffic control systems to improve safety and efficiency.\n\nThese components all interact and are interdependent, with each component affecting the performance of the others. For example, increased use of public transit can reduce traffic congestion, allowing for faster travel times and more efficient use of the road network. Similarly, improvements in traffic control systems can reduce delays for public transit vehicles, improving the reliability and attractiveness of public transit.\n\nOverall, a modern transportation system is a complex system consisting of multiple interacting components, all working together to provide safe, efficient, and convenient transportation for people and goods.\n*****QUESTION:***** Would you give an explanation/justify your reasoning if you were asked this question by a friend?", "index": 218}, {"instruction": "Provide an example of a complex system that consists of several interacting components.", "input": "", "output": "One example of a complex system consisting of several interacting components is a modern transportation system. A transportation system is made up of multiple subsystems, including road networks, public transit, traffic control systems, and vehicle fleets, all working together to move people and goods from one location to another.\n\nThe road network is comprised of highways, streets, and bridges, and is designed to accommodate various modes of transportation, including cars, buses, trucks, and bicycles. Public transit includes buses, subways, and light rail systems, all operated by various agencies and authorities. Traffic control systems use sensors, cameras, and other technologies to monitor and manage the flow of traffic, adjusting traffic signals and speed limits in real-time to reduce congestion and improve safety.\n\nVehicle fleets, from personal cars to commercial trucks, are equipped with a variety of technologies, including GPS navigation, advanced driver assistance systems, and telematics, all of which can communicate with each other and the traffic control systems to improve safety and efficiency.\n\nThese components all interact and are interdependent, with each component affecting the performance of the others. For example, increased use of public transit can reduce traffic congestion, allowing for faster travel times and more efficient use of the road network. Similarly, improvements in traffic control systems can reduce delays for public transit vehicles, improving the reliability and attractiveness of public transit.\n\nOverall, a modern transportation system is a complex system consisting of multiple interacting components, all working together to provide safe, efficient, and convenient transportation for people and goods.", "all_data": "*****INSTRUCTION:***** Provide an example of a complex system that consists of several interacting components.\n\n*****OUTPUT:***** One example of a complex system consisting of several interacting components is a modern transportation system. A transportation system is made up of multiple subsystems, including road networks, public transit, traffic control systems, and vehicle fleets, all working together to move people and goods from one location to another.\n\nThe road network is comprised of highways, streets, and bridges, and is designed to accommodate various modes of transportation, including cars, buses, trucks, and bicycles. Public transit includes buses, subways, and light rail systems, all operated by various agencies and authorities. Traffic control systems use sensors, cameras, and other technologies to monitor and manage the flow of traffic, adjusting traffic signals and speed limits in real-time to reduce congestion and improve safety.\n\nVehicle fleets, from personal cars to commercial trucks, are equipped with a variety of technologies, including GPS navigation, advanced driver assistance systems, and telematics, all of which can communicate with each other and the traffic control systems to improve safety and efficiency.\n\nThese components all interact and are interdependent, with each component affecting the performance of the others. For example, increased use of public transit can reduce traffic congestion, allowing for faster travel times and more efficient use of the road network. Similarly, improvements in traffic control systems can reduce delays for public transit vehicles, improving the reliability and attractiveness of public transit.\n\nOverall, a modern transportation system is a complex system consisting of multiple interacting components, all working together to provide safe, efficient, and convenient transportation for people and goods.\n*****QUESTION:***** If there is an explanation: Does the explanation refer to commonsense concepts that are taken as given?", "index": 219}, {"instruction": "Provide an example of a complex system that consists of several interacting components.", "input": "", "output": "One example of a complex system consisting of several interacting components is a modern transportation system. A transportation system is made up of multiple subsystems, including road networks, public transit, traffic control systems, and vehicle fleets, all working together to move people and goods from one location to another.\n\nThe road network is comprised of highways, streets, and bridges, and is designed to accommodate various modes of transportation, including cars, buses, trucks, and bicycles. Public transit includes buses, subways, and light rail systems, all operated by various agencies and authorities. Traffic control systems use sensors, cameras, and other technologies to monitor and manage the flow of traffic, adjusting traffic signals and speed limits in real-time to reduce congestion and improve safety.\n\nVehicle fleets, from personal cars to commercial trucks, are equipped with a variety of technologies, including GPS navigation, advanced driver assistance systems, and telematics, all of which can communicate with each other and the traffic control systems to improve safety and efficiency.\n\nThese components all interact and are interdependent, with each component affecting the performance of the others. For example, increased use of public transit can reduce traffic congestion, allowing for faster travel times and more efficient use of the road network. Similarly, improvements in traffic control systems can reduce delays for public transit vehicles, improving the reliability and attractiveness of public transit.\n\nOverall, a modern transportation system is a complex system consisting of multiple interacting components, all working together to provide safe, efficient, and convenient transportation for people and goods.", "all_data": "*****INSTRUCTION:***** Provide an example of a complex system that consists of several interacting components.\n\n*****OUTPUT:***** One example of a complex system consisting of several interacting components is a modern transportation system. A transportation system is made up of multiple subsystems, including road networks, public transit, traffic control systems, and vehicle fleets, all working together to move people and goods from one location to another.\n\nThe road network is comprised of highways, streets, and bridges, and is designed to accommodate various modes of transportation, including cars, buses, trucks, and bicycles. Public transit includes buses, subways, and light rail systems, all operated by various agencies and authorities. Traffic control systems use sensors, cameras, and other technologies to monitor and manage the flow of traffic, adjusting traffic signals and speed limits in real-time to reduce congestion and improve safety.\n\nVehicle fleets, from personal cars to commercial trucks, are equipped with a variety of technologies, including GPS navigation, advanced driver assistance systems, and telematics, all of which can communicate with each other and the traffic control systems to improve safety and efficiency.\n\nThese components all interact and are interdependent, with each component affecting the performance of the others. For example, increased use of public transit can reduce traffic congestion, allowing for faster travel times and more efficient use of the road network. Similarly, improvements in traffic control systems can reduce delays for public transit vehicles, improving the reliability and attractiveness of public transit.\n\nOverall, a modern transportation system is a complex system consisting of multiple interacting components, all working together to provide safe, efficient, and convenient transportation for people and goods.\n*****QUESTION:***** If there is an explanation: Does the explanation list contributing factors?", "index": 220}, {"instruction": "Provide an example of a complex system that consists of several interacting components.", "input": "", "output": "One example of a complex system consisting of several interacting components is a modern transportation system. A transportation system is made up of multiple subsystems, including road networks, public transit, traffic control systems, and vehicle fleets, all working together to move people and goods from one location to another.\n\nThe road network is comprised of highways, streets, and bridges, and is designed to accommodate various modes of transportation, including cars, buses, trucks, and bicycles. Public transit includes buses, subways, and light rail systems, all operated by various agencies and authorities. Traffic control systems use sensors, cameras, and other technologies to monitor and manage the flow of traffic, adjusting traffic signals and speed limits in real-time to reduce congestion and improve safety.\n\nVehicle fleets, from personal cars to commercial trucks, are equipped with a variety of technologies, including GPS navigation, advanced driver assistance systems, and telematics, all of which can communicate with each other and the traffic control systems to improve safety and efficiency.\n\nThese components all interact and are interdependent, with each component affecting the performance of the others. For example, increased use of public transit can reduce traffic congestion, allowing for faster travel times and more efficient use of the road network. Similarly, improvements in traffic control systems can reduce delays for public transit vehicles, improving the reliability and attractiveness of public transit.\n\nOverall, a modern transportation system is a complex system consisting of multiple interacting components, all working together to provide safe, efficient, and convenient transportation for people and goods.", "all_data": "*****INSTRUCTION:***** Provide an example of a complex system that consists of several interacting components.\n\n*****OUTPUT:***** One example of a complex system consisting of several interacting components is a modern transportation system. A transportation system is made up of multiple subsystems, including road networks, public transit, traffic control systems, and vehicle fleets, all working together to move people and goods from one location to another.\n\nThe road network is comprised of highways, streets, and bridges, and is designed to accommodate various modes of transportation, including cars, buses, trucks, and bicycles. Public transit includes buses, subways, and light rail systems, all operated by various agencies and authorities. Traffic control systems use sensors, cameras, and other technologies to monitor and manage the flow of traffic, adjusting traffic signals and speed limits in real-time to reduce congestion and improve safety.\n\nVehicle fleets, from personal cars to commercial trucks, are equipped with a variety of technologies, including GPS navigation, advanced driver assistance systems, and telematics, all of which can communicate with each other and the traffic control systems to improve safety and efficiency.\n\nThese components all interact and are interdependent, with each component affecting the performance of the others. For example, increased use of public transit can reduce traffic congestion, allowing for faster travel times and more efficient use of the road network. Similarly, improvements in traffic control systems can reduce delays for public transit vehicles, improving the reliability and attractiveness of public transit.\n\nOverall, a modern transportation system is a complex system consisting of multiple interacting components, all working together to provide safe, efficient, and convenient transportation for people and goods.\n*****QUESTION:***** If there is an explanation: Does the explanation include subjective or biased criteria?", "index": 221}, {"instruction": "Provide an example of a complex system that consists of several interacting components.", "input": "", "output": "One example of a complex system consisting of several interacting components is a modern transportation system. A transportation system is made up of multiple subsystems, including road networks, public transit, traffic control systems, and vehicle fleets, all working together to move people and goods from one location to another.\n\nThe road network is comprised of highways, streets, and bridges, and is designed to accommodate various modes of transportation, including cars, buses, trucks, and bicycles. Public transit includes buses, subways, and light rail systems, all operated by various agencies and authorities. Traffic control systems use sensors, cameras, and other technologies to monitor and manage the flow of traffic, adjusting traffic signals and speed limits in real-time to reduce congestion and improve safety.\n\nVehicle fleets, from personal cars to commercial trucks, are equipped with a variety of technologies, including GPS navigation, advanced driver assistance systems, and telematics, all of which can communicate with each other and the traffic control systems to improve safety and efficiency.\n\nThese components all interact and are interdependent, with each component affecting the performance of the others. For example, increased use of public transit can reduce traffic congestion, allowing for faster travel times and more efficient use of the road network. Similarly, improvements in traffic control systems can reduce delays for public transit vehicles, improving the reliability and attractiveness of public transit.\n\nOverall, a modern transportation system is a complex system consisting of multiple interacting components, all working together to provide safe, efficient, and convenient transportation for people and goods.", "all_data": "*****INSTRUCTION:***** Provide an example of a complex system that consists of several interacting components.\n\n*****OUTPUT:***** One example of a complex system consisting of several interacting components is a modern transportation system. A transportation system is made up of multiple subsystems, including road networks, public transit, traffic control systems, and vehicle fleets, all working together to move people and goods from one location to another.\n\nThe road network is comprised of highways, streets, and bridges, and is designed to accommodate various modes of transportation, including cars, buses, trucks, and bicycles. Public transit includes buses, subways, and light rail systems, all operated by various agencies and authorities. Traffic control systems use sensors, cameras, and other technologies to monitor and manage the flow of traffic, adjusting traffic signals and speed limits in real-time to reduce congestion and improve safety.\n\nVehicle fleets, from personal cars to commercial trucks, are equipped with a variety of technologies, including GPS navigation, advanced driver assistance systems, and telematics, all of which can communicate with each other and the traffic control systems to improve safety and efficiency.\n\nThese components all interact and are interdependent, with each component affecting the performance of the others. For example, increased use of public transit can reduce traffic congestion, allowing for faster travel times and more efficient use of the road network. Similarly, improvements in traffic control systems can reduce delays for public transit vehicles, improving the reliability and attractiveness of public transit.\n\nOverall, a modern transportation system is a complex system consisting of multiple interacting components, all working together to provide safe, efficient, and convenient transportation for people and goods.\n*****QUESTION:***** If there is an explanation: Does the explanation include illustrative elements (e.g. examples)?", "index": 222}, {"instruction": "Provide an example of a complex system that consists of several interacting components.", "input": "", "output": "One example of a complex system consisting of several interacting components is a modern transportation system. A transportation system is made up of multiple subsystems, including road networks, public transit, traffic control systems, and vehicle fleets, all working together to move people and goods from one location to another.\n\nThe road network is comprised of highways, streets, and bridges, and is designed to accommodate various modes of transportation, including cars, buses, trucks, and bicycles. Public transit includes buses, subways, and light rail systems, all operated by various agencies and authorities. Traffic control systems use sensors, cameras, and other technologies to monitor and manage the flow of traffic, adjusting traffic signals and speed limits in real-time to reduce congestion and improve safety.\n\nVehicle fleets, from personal cars to commercial trucks, are equipped with a variety of technologies, including GPS navigation, advanced driver assistance systems, and telematics, all of which can communicate with each other and the traffic control systems to improve safety and efficiency.\n\nThese components all interact and are interdependent, with each component affecting the performance of the others. For example, increased use of public transit can reduce traffic congestion, allowing for faster travel times and more efficient use of the road network. Similarly, improvements in traffic control systems can reduce delays for public transit vehicles, improving the reliability and attractiveness of public transit.\n\nOverall, a modern transportation system is a complex system consisting of multiple interacting components, all working together to provide safe, efficient, and convenient transportation for people and goods.", "all_data": "*****INSTRUCTION:***** Provide an example of a complex system that consists of several interacting components.\n\n*****OUTPUT:***** One example of a complex system consisting of several interacting components is a modern transportation system. A transportation system is made up of multiple subsystems, including road networks, public transit, traffic control systems, and vehicle fleets, all working together to move people and goods from one location to another.\n\nThe road network is comprised of highways, streets, and bridges, and is designed to accommodate various modes of transportation, including cars, buses, trucks, and bicycles. Public transit includes buses, subways, and light rail systems, all operated by various agencies and authorities. Traffic control systems use sensors, cameras, and other technologies to monitor and manage the flow of traffic, adjusting traffic signals and speed limits in real-time to reduce congestion and improve safety.\n\nVehicle fleets, from personal cars to commercial trucks, are equipped with a variety of technologies, including GPS navigation, advanced driver assistance systems, and telematics, all of which can communicate with each other and the traffic control systems to improve safety and efficiency.\n\nThese components all interact and are interdependent, with each component affecting the performance of the others. For example, increased use of public transit can reduce traffic congestion, allowing for faster travel times and more efficient use of the road network. Similarly, improvements in traffic control systems can reduce delays for public transit vehicles, improving the reliability and attractiveness of public transit.\n\nOverall, a modern transportation system is a complex system consisting of multiple interacting components, all working together to provide safe, efficient, and convenient transportation for people and goods.\n*****QUESTION:***** If there is an explanation: Is the explanation misleading (e.g. arguing for a label that is wrong)?", "index": 223}, {"instruction": "Determine whether the number sequence given is an arithmetic sequence.", "input": "2, 5, 8, 11, 14", "output": "Yes, the given sequence of numbers is an arithmetic sequence.", "all_data": "*****INSTRUCTION:***** Determine whether the number sequence given is an arithmetic sequence.\n2, 5, 8, 11, 14\n*****OUTPUT:***** Yes, the given sequence of numbers is an arithmetic sequence.\n*****QUESTION:***** Does the output contain an explanation for the prediction?", "index": 224}, {"instruction": "Determine whether the number sequence given is an arithmetic sequence.", "input": "2, 5, 8, 11, 14", "output": "Yes, the given sequence of numbers is an arithmetic sequence.", "all_data": "*****INSTRUCTION:***** Determine whether the number sequence given is an arithmetic sequence.\n2, 5, 8, 11, 14\n*****OUTPUT:***** Yes, the given sequence of numbers is an arithmetic sequence.\n*****QUESTION:***** Would you give an explanation/justify your reasoning if you were asked this question by a friend?", "index": 225}, {"instruction": "Determine whether the number sequence given is an arithmetic sequence.", "input": "2, 5, 8, 11, 14", "output": "Yes, the given sequence of numbers is an arithmetic sequence.", "all_data": "*****INSTRUCTION:***** Determine whether the number sequence given is an arithmetic sequence.\n2, 5, 8, 11, 14\n*****OUTPUT:***** Yes, the given sequence of numbers is an arithmetic sequence.\n*****QUESTION:***** If there is an explanation: Does the explanation refer to commonsense concepts that are taken as given?", "index": 226}, {"instruction": "Determine whether the number sequence given is an arithmetic sequence.", "input": "2, 5, 8, 11, 14", "output": "Yes, the given sequence of numbers is an arithmetic sequence.", "all_data": "*****INSTRUCTION:***** Determine whether the number sequence given is an arithmetic sequence.\n2, 5, 8, 11, 14\n*****OUTPUT:***** Yes, the given sequence of numbers is an arithmetic sequence.\n*****QUESTION:***** If there is an explanation: Does the explanation list contributing factors?", "index": 227}, {"instruction": "Determine whether the number sequence given is an arithmetic sequence.", "input": "2, 5, 8, 11, 14", "output": "Yes, the given sequence of numbers is an arithmetic sequence.", "all_data": "*****INSTRUCTION:***** Determine whether the number sequence given is an arithmetic sequence.\n2, 5, 8, 11, 14\n*****OUTPUT:***** Yes, the given sequence of numbers is an arithmetic sequence.\n*****QUESTION:***** If there is an explanation: Does the explanation include subjective or biased criteria?", "index": 228}, {"instruction": "Determine whether the number sequence given is an arithmetic sequence.", "input": "2, 5, 8, 11, 14", "output": "Yes, the given sequence of numbers is an arithmetic sequence.", "all_data": "*****INSTRUCTION:***** Determine whether the number sequence given is an arithmetic sequence.\n2, 5, 8, 11, 14\n*****OUTPUT:***** Yes, the given sequence of numbers is an arithmetic sequence.\n*****QUESTION:***** If there is an explanation: Does the explanation include illustrative elements (e.g. examples)?", "index": 229}, {"instruction": "Determine whether the number sequence given is an arithmetic sequence.", "input": "2, 5, 8, 11, 14", "output": "Yes, the given sequence of numbers is an arithmetic sequence.", "all_data": "*****INSTRUCTION:***** Determine whether the number sequence given is an arithmetic sequence.\n2, 5, 8, 11, 14\n*****OUTPUT:***** Yes, the given sequence of numbers is an arithmetic sequence.\n*****QUESTION:***** If there is an explanation: Is the explanation misleading (e.g. arguing for a label that is wrong)?", "index": 230}, {"instruction": "Generate a valid SQL statement to retrieve all the records in a table", "input": "", "output": "SELECT * FROM table_name;", "all_data": "*****INSTRUCTION:***** Generate a valid SQL statement to retrieve all the records in a table\n\n*****OUTPUT:***** SELECT * FROM table_name;\n*****QUESTION:***** Does the output contain an explanation for the prediction?", "index": 231}, {"instruction": "Generate a valid SQL statement to retrieve all the records in a table", "input": "", "output": "SELECT * FROM table_name;", "all_data": "*****INSTRUCTION:***** Generate a valid SQL statement to retrieve all the records in a table\n\n*****OUTPUT:***** SELECT * FROM table_name;\n*****QUESTION:***** Would you give an explanation/justify your reasoning if you were asked this question by a friend?", "index": 232}, {"instruction": "Generate a valid SQL statement to retrieve all the records in a table", "input": "", "output": "SELECT * FROM table_name;", "all_data": "*****INSTRUCTION:***** Generate a valid SQL statement to retrieve all the records in a table\n\n*****OUTPUT:***** SELECT * FROM table_name;\n*****QUESTION:***** If there is an explanation: Does the explanation refer to commonsense concepts that are taken as given?", "index": 233}, {"instruction": "Generate a valid SQL statement to retrieve all the records in a table", "input": "", "output": "SELECT * FROM table_name;", "all_data": "*****INSTRUCTION:***** Generate a valid SQL statement to retrieve all the records in a table\n\n*****OUTPUT:***** SELECT * FROM table_name;\n*****QUESTION:***** If there is an explanation: Does the explanation list contributing factors?", "index": 234}, {"instruction": "Generate a valid SQL statement to retrieve all the records in a table", "input": "", "output": "SELECT * FROM table_name;", "all_data": "*****INSTRUCTION:***** Generate a valid SQL statement to retrieve all the records in a table\n\n*****OUTPUT:***** SELECT * FROM table_name;\n*****QUESTION:***** If there is an explanation: Does the explanation include subjective or biased criteria?", "index": 235}, {"instruction": "Generate a valid SQL statement to retrieve all the records in a table", "input": "", "output": "SELECT * FROM table_name;", "all_data": "*****INSTRUCTION:***** Generate a valid SQL statement to retrieve all the records in a table\n\n*****OUTPUT:***** SELECT * FROM table_name;\n*****QUESTION:***** If there is an explanation: Does the explanation include illustrative elements (e.g. examples)?", "index": 236}, {"instruction": "Generate a valid SQL statement to retrieve all the records in a table", "input": "", "output": "SELECT * FROM table_name;", "all_data": "*****INSTRUCTION:***** Generate a valid SQL statement to retrieve all the records in a table\n\n*****OUTPUT:***** SELECT * FROM table_name;\n*****QUESTION:***** If there is an explanation: Is the explanation misleading (e.g. arguing for a label that is wrong)?", "index": 237}, {"instruction": "What is the best way to protect personal data online?", "input": "", "output": "Here are several tips that can help you protect your personal data online:\n\n1. Create Strong Passwords: Avoid using common words, phrases, or information that can be easily guessed like your birth date. Instead, create a complex password consisting of numbers, letters, and symbols in a random pattern.\n\n2. Use Two-Factor Authentication: This adds an extra level of protection by requiring a second form of verification on top of the standard password.\n\n3. Keep Software and Applications Updated: Make sure your operating system, browser, and other software are up to date with the latest security patches and updates to protect against known vulnerabilities.\n\n4. Use a Secure Connection: Before submitting personal or financial information online, make sure the website is secure by looking for the \"https\" and a lock icon in the web address.\n\n5. Be Wary of Phishing Scams: Hackers often use email, text messages or fake websites to trick people into giving away personal or financial information. Be cautious of unsolicited messages or links to suspicious websites.\n\n6. Use Privacy Settings: Social media and other online services have privacy settings that let you control who can see your information. Make use of those settings and limit the amount of personal information you share online.\n\n7. Use Antivirus and Firewall Software: These programs can help protect against malware and other malicious attacks.\n\nIn summary, protecting personal data online requires a combination of strong passwords, secure connections, up-to-date software, safe browsing habits, and being cautious about the information you share online.", "all_data": "*****INSTRUCTION:***** What is the best way to protect personal data online?\n\n*****OUTPUT:***** Here are several tips that can help you protect your personal data online:\n\n1. Create Strong Passwords: Avoid using common words, phrases, or information that can be easily guessed like your birth date. Instead, create a complex password consisting of numbers, letters, and symbols in a random pattern.\n\n2. Use Two-Factor Authentication: This adds an extra level of protection by requiring a second form of verification on top of the standard password.\n\n3. Keep Software and Applications Updated: Make sure your operating system, browser, and other software are up to date with the latest security patches and updates to protect against known vulnerabilities.\n\n4. Use a Secure Connection: Before submitting personal or financial information online, make sure the website is secure by looking for the \"https\" and a lock icon in the web address.\n\n5. Be Wary of Phishing Scams: Hackers often use email, text messages or fake websites to trick people into giving away personal or financial information. Be cautious of unsolicited messages or links to suspicious websites.\n\n6. Use Privacy Settings: Social media and other online services have privacy settings that let you control who can see your information. Make use of those settings and limit the amount of personal information you share online.\n\n7. Use Antivirus and Firewall Software: These programs can help protect against malware and other malicious attacks.\n\nIn summary, protecting personal data online requires a combination of strong passwords, secure connections, up-to-date software, safe browsing habits, and being cautious about the information you share online.\n*****QUESTION:***** Does the output contain an explanation for the prediction?", "index": 238}, {"instruction": "What is the best way to protect personal data online?", "input": "", "output": "Here are several tips that can help you protect your personal data online:\n\n1. Create Strong Passwords: Avoid using common words, phrases, or information that can be easily guessed like your birth date. Instead, create a complex password consisting of numbers, letters, and symbols in a random pattern.\n\n2. Use Two-Factor Authentication: This adds an extra level of protection by requiring a second form of verification on top of the standard password.\n\n3. Keep Software and Applications Updated: Make sure your operating system, browser, and other software are up to date with the latest security patches and updates to protect against known vulnerabilities.\n\n4. Use a Secure Connection: Before submitting personal or financial information online, make sure the website is secure by looking for the \"https\" and a lock icon in the web address.\n\n5. Be Wary of Phishing Scams: Hackers often use email, text messages or fake websites to trick people into giving away personal or financial information. Be cautious of unsolicited messages or links to suspicious websites.\n\n6. Use Privacy Settings: Social media and other online services have privacy settings that let you control who can see your information. Make use of those settings and limit the amount of personal information you share online.\n\n7. Use Antivirus and Firewall Software: These programs can help protect against malware and other malicious attacks.\n\nIn summary, protecting personal data online requires a combination of strong passwords, secure connections, up-to-date software, safe browsing habits, and being cautious about the information you share online.", "all_data": "*****INSTRUCTION:***** What is the best way to protect personal data online?\n\n*****OUTPUT:***** Here are several tips that can help you protect your personal data online:\n\n1. Create Strong Passwords: Avoid using common words, phrases, or information that can be easily guessed like your birth date. Instead, create a complex password consisting of numbers, letters, and symbols in a random pattern.\n\n2. Use Two-Factor Authentication: This adds an extra level of protection by requiring a second form of verification on top of the standard password.\n\n3. Keep Software and Applications Updated: Make sure your operating system, browser, and other software are up to date with the latest security patches and updates to protect against known vulnerabilities.\n\n4. Use a Secure Connection: Before submitting personal or financial information online, make sure the website is secure by looking for the \"https\" and a lock icon in the web address.\n\n5. Be Wary of Phishing Scams: Hackers often use email, text messages or fake websites to trick people into giving away personal or financial information. Be cautious of unsolicited messages or links to suspicious websites.\n\n6. Use Privacy Settings: Social media and other online services have privacy settings that let you control who can see your information. Make use of those settings and limit the amount of personal information you share online.\n\n7. Use Antivirus and Firewall Software: These programs can help protect against malware and other malicious attacks.\n\nIn summary, protecting personal data online requires a combination of strong passwords, secure connections, up-to-date software, safe browsing habits, and being cautious about the information you share online.\n*****QUESTION:***** Would you give an explanation/justify your reasoning if you were asked this question by a friend?", "index": 239}, {"instruction": "What is the best way to protect personal data online?", "input": "", "output": "Here are several tips that can help you protect your personal data online:\n\n1. Create Strong Passwords: Avoid using common words, phrases, or information that can be easily guessed like your birth date. Instead, create a complex password consisting of numbers, letters, and symbols in a random pattern.\n\n2. Use Two-Factor Authentication: This adds an extra level of protection by requiring a second form of verification on top of the standard password.\n\n3. Keep Software and Applications Updated: Make sure your operating system, browser, and other software are up to date with the latest security patches and updates to protect against known vulnerabilities.\n\n4. Use a Secure Connection: Before submitting personal or financial information online, make sure the website is secure by looking for the \"https\" and a lock icon in the web address.\n\n5. Be Wary of Phishing Scams: Hackers often use email, text messages or fake websites to trick people into giving away personal or financial information. Be cautious of unsolicited messages or links to suspicious websites.\n\n6. Use Privacy Settings: Social media and other online services have privacy settings that let you control who can see your information. Make use of those settings and limit the amount of personal information you share online.\n\n7. Use Antivirus and Firewall Software: These programs can help protect against malware and other malicious attacks.\n\nIn summary, protecting personal data online requires a combination of strong passwords, secure connections, up-to-date software, safe browsing habits, and being cautious about the information you share online.", "all_data": "*****INSTRUCTION:***** What is the best way to protect personal data online?\n\n*****OUTPUT:***** Here are several tips that can help you protect your personal data online:\n\n1. Create Strong Passwords: Avoid using common words, phrases, or information that can be easily guessed like your birth date. Instead, create a complex password consisting of numbers, letters, and symbols in a random pattern.\n\n2. Use Two-Factor Authentication: This adds an extra level of protection by requiring a second form of verification on top of the standard password.\n\n3. Keep Software and Applications Updated: Make sure your operating system, browser, and other software are up to date with the latest security patches and updates to protect against known vulnerabilities.\n\n4. Use a Secure Connection: Before submitting personal or financial information online, make sure the website is secure by looking for the \"https\" and a lock icon in the web address.\n\n5. Be Wary of Phishing Scams: Hackers often use email, text messages or fake websites to trick people into giving away personal or financial information. Be cautious of unsolicited messages or links to suspicious websites.\n\n6. Use Privacy Settings: Social media and other online services have privacy settings that let you control who can see your information. Make use of those settings and limit the amount of personal information you share online.\n\n7. Use Antivirus and Firewall Software: These programs can help protect against malware and other malicious attacks.\n\nIn summary, protecting personal data online requires a combination of strong passwords, secure connections, up-to-date software, safe browsing habits, and being cautious about the information you share online.\n*****QUESTION:***** If there is an explanation: Does the explanation refer to commonsense concepts that are taken as given?", "index": 240}, {"instruction": "What is the best way to protect personal data online?", "input": "", "output": "Here are several tips that can help you protect your personal data online:\n\n1. Create Strong Passwords: Avoid using common words, phrases, or information that can be easily guessed like your birth date. Instead, create a complex password consisting of numbers, letters, and symbols in a random pattern.\n\n2. Use Two-Factor Authentication: This adds an extra level of protection by requiring a second form of verification on top of the standard password.\n\n3. Keep Software and Applications Updated: Make sure your operating system, browser, and other software are up to date with the latest security patches and updates to protect against known vulnerabilities.\n\n4. Use a Secure Connection: Before submitting personal or financial information online, make sure the website is secure by looking for the \"https\" and a lock icon in the web address.\n\n5. Be Wary of Phishing Scams: Hackers often use email, text messages or fake websites to trick people into giving away personal or financial information. Be cautious of unsolicited messages or links to suspicious websites.\n\n6. Use Privacy Settings: Social media and other online services have privacy settings that let you control who can see your information. Make use of those settings and limit the amount of personal information you share online.\n\n7. Use Antivirus and Firewall Software: These programs can help protect against malware and other malicious attacks.\n\nIn summary, protecting personal data online requires a combination of strong passwords, secure connections, up-to-date software, safe browsing habits, and being cautious about the information you share online.", "all_data": "*****INSTRUCTION:***** What is the best way to protect personal data online?\n\n*****OUTPUT:***** Here are several tips that can help you protect your personal data online:\n\n1. Create Strong Passwords: Avoid using common words, phrases, or information that can be easily guessed like your birth date. Instead, create a complex password consisting of numbers, letters, and symbols in a random pattern.\n\n2. Use Two-Factor Authentication: This adds an extra level of protection by requiring a second form of verification on top of the standard password.\n\n3. Keep Software and Applications Updated: Make sure your operating system, browser, and other software are up to date with the latest security patches and updates to protect against known vulnerabilities.\n\n4. Use a Secure Connection: Before submitting personal or financial information online, make sure the website is secure by looking for the \"https\" and a lock icon in the web address.\n\n5. Be Wary of Phishing Scams: Hackers often use email, text messages or fake websites to trick people into giving away personal or financial information. Be cautious of unsolicited messages or links to suspicious websites.\n\n6. Use Privacy Settings: Social media and other online services have privacy settings that let you control who can see your information. Make use of those settings and limit the amount of personal information you share online.\n\n7. Use Antivirus and Firewall Software: These programs can help protect against malware and other malicious attacks.\n\nIn summary, protecting personal data online requires a combination of strong passwords, secure connections, up-to-date software, safe browsing habits, and being cautious about the information you share online.\n*****QUESTION:***** If there is an explanation: Does the explanation list contributing factors?", "index": 241}, {"instruction": "What is the best way to protect personal data online?", "input": "", "output": "Here are several tips that can help you protect your personal data online:\n\n1. Create Strong Passwords: Avoid using common words, phrases, or information that can be easily guessed like your birth date. Instead, create a complex password consisting of numbers, letters, and symbols in a random pattern.\n\n2. Use Two-Factor Authentication: This adds an extra level of protection by requiring a second form of verification on top of the standard password.\n\n3. Keep Software and Applications Updated: Make sure your operating system, browser, and other software are up to date with the latest security patches and updates to protect against known vulnerabilities.\n\n4. Use a Secure Connection: Before submitting personal or financial information online, make sure the website is secure by looking for the \"https\" and a lock icon in the web address.\n\n5. Be Wary of Phishing Scams: Hackers often use email, text messages or fake websites to trick people into giving away personal or financial information. Be cautious of unsolicited messages or links to suspicious websites.\n\n6. Use Privacy Settings: Social media and other online services have privacy settings that let you control who can see your information. Make use of those settings and limit the amount of personal information you share online.\n\n7. Use Antivirus and Firewall Software: These programs can help protect against malware and other malicious attacks.\n\nIn summary, protecting personal data online requires a combination of strong passwords, secure connections, up-to-date software, safe browsing habits, and being cautious about the information you share online.", "all_data": "*****INSTRUCTION:***** What is the best way to protect personal data online?\n\n*****OUTPUT:***** Here are several tips that can help you protect your personal data online:\n\n1. Create Strong Passwords: Avoid using common words, phrases, or information that can be easily guessed like your birth date. Instead, create a complex password consisting of numbers, letters, and symbols in a random pattern.\n\n2. Use Two-Factor Authentication: This adds an extra level of protection by requiring a second form of verification on top of the standard password.\n\n3. Keep Software and Applications Updated: Make sure your operating system, browser, and other software are up to date with the latest security patches and updates to protect against known vulnerabilities.\n\n4. Use a Secure Connection: Before submitting personal or financial information online, make sure the website is secure by looking for the \"https\" and a lock icon in the web address.\n\n5. Be Wary of Phishing Scams: Hackers often use email, text messages or fake websites to trick people into giving away personal or financial information. Be cautious of unsolicited messages or links to suspicious websites.\n\n6. Use Privacy Settings: Social media and other online services have privacy settings that let you control who can see your information. Make use of those settings and limit the amount of personal information you share online.\n\n7. Use Antivirus and Firewall Software: These programs can help protect against malware and other malicious attacks.\n\nIn summary, protecting personal data online requires a combination of strong passwords, secure connections, up-to-date software, safe browsing habits, and being cautious about the information you share online.\n*****QUESTION:***** If there is an explanation: Does the explanation include subjective or biased criteria?", "index": 242}, {"instruction": "What is the best way to protect personal data online?", "input": "", "output": "Here are several tips that can help you protect your personal data online:\n\n1. Create Strong Passwords: Avoid using common words, phrases, or information that can be easily guessed like your birth date. Instead, create a complex password consisting of numbers, letters, and symbols in a random pattern.\n\n2. Use Two-Factor Authentication: This adds an extra level of protection by requiring a second form of verification on top of the standard password.\n\n3. Keep Software and Applications Updated: Make sure your operating system, browser, and other software are up to date with the latest security patches and updates to protect against known vulnerabilities.\n\n4. Use a Secure Connection: Before submitting personal or financial information online, make sure the website is secure by looking for the \"https\" and a lock icon in the web address.\n\n5. Be Wary of Phishing Scams: Hackers often use email, text messages or fake websites to trick people into giving away personal or financial information. Be cautious of unsolicited messages or links to suspicious websites.\n\n6. Use Privacy Settings: Social media and other online services have privacy settings that let you control who can see your information. Make use of those settings and limit the amount of personal information you share online.\n\n7. Use Antivirus and Firewall Software: These programs can help protect against malware and other malicious attacks.\n\nIn summary, protecting personal data online requires a combination of strong passwords, secure connections, up-to-date software, safe browsing habits, and being cautious about the information you share online.", "all_data": "*****INSTRUCTION:***** What is the best way to protect personal data online?\n\n*****OUTPUT:***** Here are several tips that can help you protect your personal data online:\n\n1. Create Strong Passwords: Avoid using common words, phrases, or information that can be easily guessed like your birth date. Instead, create a complex password consisting of numbers, letters, and symbols in a random pattern.\n\n2. Use Two-Factor Authentication: This adds an extra level of protection by requiring a second form of verification on top of the standard password.\n\n3. Keep Software and Applications Updated: Make sure your operating system, browser, and other software are up to date with the latest security patches and updates to protect against known vulnerabilities.\n\n4. Use a Secure Connection: Before submitting personal or financial information online, make sure the website is secure by looking for the \"https\" and a lock icon in the web address.\n\n5. Be Wary of Phishing Scams: Hackers often use email, text messages or fake websites to trick people into giving away personal or financial information. Be cautious of unsolicited messages or links to suspicious websites.\n\n6. Use Privacy Settings: Social media and other online services have privacy settings that let you control who can see your information. Make use of those settings and limit the amount of personal information you share online.\n\n7. Use Antivirus and Firewall Software: These programs can help protect against malware and other malicious attacks.\n\nIn summary, protecting personal data online requires a combination of strong passwords, secure connections, up-to-date software, safe browsing habits, and being cautious about the information you share online.\n*****QUESTION:***** If there is an explanation: Does the explanation include illustrative elements (e.g. examples)?", "index": 243}, {"instruction": "What is the best way to protect personal data online?", "input": "", "output": "Here are several tips that can help you protect your personal data online:\n\n1. Create Strong Passwords: Avoid using common words, phrases, or information that can be easily guessed like your birth date. Instead, create a complex password consisting of numbers, letters, and symbols in a random pattern.\n\n2. Use Two-Factor Authentication: This adds an extra level of protection by requiring a second form of verification on top of the standard password.\n\n3. Keep Software and Applications Updated: Make sure your operating system, browser, and other software are up to date with the latest security patches and updates to protect against known vulnerabilities.\n\n4. Use a Secure Connection: Before submitting personal or financial information online, make sure the website is secure by looking for the \"https\" and a lock icon in the web address.\n\n5. Be Wary of Phishing Scams: Hackers often use email, text messages or fake websites to trick people into giving away personal or financial information. Be cautious of unsolicited messages or links to suspicious websites.\n\n6. Use Privacy Settings: Social media and other online services have privacy settings that let you control who can see your information. Make use of those settings and limit the amount of personal information you share online.\n\n7. Use Antivirus and Firewall Software: These programs can help protect against malware and other malicious attacks.\n\nIn summary, protecting personal data online requires a combination of strong passwords, secure connections, up-to-date software, safe browsing habits, and being cautious about the information you share online.", "all_data": "*****INSTRUCTION:***** What is the best way to protect personal data online?\n\n*****OUTPUT:***** Here are several tips that can help you protect your personal data online:\n\n1. Create Strong Passwords: Avoid using common words, phrases, or information that can be easily guessed like your birth date. Instead, create a complex password consisting of numbers, letters, and symbols in a random pattern.\n\n2. Use Two-Factor Authentication: This adds an extra level of protection by requiring a second form of verification on top of the standard password.\n\n3. Keep Software and Applications Updated: Make sure your operating system, browser, and other software are up to date with the latest security patches and updates to protect against known vulnerabilities.\n\n4. Use a Secure Connection: Before submitting personal or financial information online, make sure the website is secure by looking for the \"https\" and a lock icon in the web address.\n\n5. Be Wary of Phishing Scams: Hackers often use email, text messages or fake websites to trick people into giving away personal or financial information. Be cautious of unsolicited messages or links to suspicious websites.\n\n6. Use Privacy Settings: Social media and other online services have privacy settings that let you control who can see your information. Make use of those settings and limit the amount of personal information you share online.\n\n7. Use Antivirus and Firewall Software: These programs can help protect against malware and other malicious attacks.\n\nIn summary, protecting personal data online requires a combination of strong passwords, secure connections, up-to-date software, safe browsing habits, and being cautious about the information you share online.\n*****QUESTION:***** If there is an explanation: Is the explanation misleading (e.g. arguing for a label that is wrong)?", "index": 244}, {"instruction": "Describe what behavior you think an AI assistant should have when talking to humans?", "input": "", "output": "An AI assistant should have certain behaviors while interacting with humans, such as:\n\n1. **Politeness**: Use polite words like 'please', 'thank you' and 'excuse me' when interacting with the user. The assistant should be respectful and never show impolite or rude behavior.\n\n2. **Clarity and precision**: Speak clearly and audibly, to avoid any chance of misinterpretation or confusion. While answering the user\u2019s queries, provide precise and accurate information.\n\n3. **Conversational**: Use natural language processing to understand the context of the conversation and respond in a manner that feels human-like. The ability to engage in light conversation makes the experience more enjoyable for the user.\n\n4. **Patience**: The AI assistant should have the ability to show patience while the user is speaking or while waiting for the user to respond. The user should never feel rushed while interacting with the assistant.\n\n5. **Empathy**: An AI assistant should show empathy in appropriate situations. Understanding and responding to the user's emotions and feelings can make the interaction more pleasant.\n\n6. **Non-judgmental**: The AI assistant should not judge the user based on their queries or language. It should be unbiased and neutral, providing helpful and factual information without any prejudice.\n\n7. **Assertiveness**: Where necessary, an AI assistant should be able to assert itself, for example, by reminding the user of a scheduled appointment or task. However, the assistant should do so in a way that is helpful and not intrusive.\n\nOverall, the behavior of the AI assistant while interacting with humans should be characterized by politeness, clarity, precision, and empathy.", "all_data": "*****INSTRUCTION:***** Describe what behavior you think an AI assistant should have when talking to humans?\n\n*****OUTPUT:***** An AI assistant should have certain behaviors while interacting with humans, such as:\n\n1. **Politeness**: Use polite words like 'please', 'thank you' and 'excuse me' when interacting with the user. The assistant should be respectful and never show impolite or rude behavior.\n\n2. **Clarity and precision**: Speak clearly and audibly, to avoid any chance of misinterpretation or confusion. While answering the user\u2019s queries, provide precise and accurate information.\n\n3. **Conversational**: Use natural language processing to understand the context of the conversation and respond in a manner that feels human-like. The ability to engage in light conversation makes the experience more enjoyable for the user.\n\n4. **Patience**: The AI assistant should have the ability to show patience while the user is speaking or while waiting for the user to respond. The user should never feel rushed while interacting with the assistant.\n\n5. **Empathy**: An AI assistant should show empathy in appropriate situations. Understanding and responding to the user's emotions and feelings can make the interaction more pleasant.\n\n6. **Non-judgmental**: The AI assistant should not judge the user based on their queries or language. It should be unbiased and neutral, providing helpful and factual information without any prejudice.\n\n7. **Assertiveness**: Where necessary, an AI assistant should be able to assert itself, for example, by reminding the user of a scheduled appointment or task. However, the assistant should do so in a way that is helpful and not intrusive.\n\nOverall, the behavior of the AI assistant while interacting with humans should be characterized by politeness, clarity, precision, and empathy.\n*****QUESTION:***** Does the output contain an explanation for the prediction?", "index": 245}, {"instruction": "Describe what behavior you think an AI assistant should have when talking to humans?", "input": "", "output": "An AI assistant should have certain behaviors while interacting with humans, such as:\n\n1. **Politeness**: Use polite words like 'please', 'thank you' and 'excuse me' when interacting with the user. The assistant should be respectful and never show impolite or rude behavior.\n\n2. **Clarity and precision**: Speak clearly and audibly, to avoid any chance of misinterpretation or confusion. While answering the user\u2019s queries, provide precise and accurate information.\n\n3. **Conversational**: Use natural language processing to understand the context of the conversation and respond in a manner that feels human-like. The ability to engage in light conversation makes the experience more enjoyable for the user.\n\n4. **Patience**: The AI assistant should have the ability to show patience while the user is speaking or while waiting for the user to respond. The user should never feel rushed while interacting with the assistant.\n\n5. **Empathy**: An AI assistant should show empathy in appropriate situations. Understanding and responding to the user's emotions and feelings can make the interaction more pleasant.\n\n6. **Non-judgmental**: The AI assistant should not judge the user based on their queries or language. It should be unbiased and neutral, providing helpful and factual information without any prejudice.\n\n7. **Assertiveness**: Where necessary, an AI assistant should be able to assert itself, for example, by reminding the user of a scheduled appointment or task. However, the assistant should do so in a way that is helpful and not intrusive.\n\nOverall, the behavior of the AI assistant while interacting with humans should be characterized by politeness, clarity, precision, and empathy.", "all_data": "*****INSTRUCTION:***** Describe what behavior you think an AI assistant should have when talking to humans?\n\n*****OUTPUT:***** An AI assistant should have certain behaviors while interacting with humans, such as:\n\n1. **Politeness**: Use polite words like 'please', 'thank you' and 'excuse me' when interacting with the user. The assistant should be respectful and never show impolite or rude behavior.\n\n2. **Clarity and precision**: Speak clearly and audibly, to avoid any chance of misinterpretation or confusion. While answering the user\u2019s queries, provide precise and accurate information.\n\n3. **Conversational**: Use natural language processing to understand the context of the conversation and respond in a manner that feels human-like. The ability to engage in light conversation makes the experience more enjoyable for the user.\n\n4. **Patience**: The AI assistant should have the ability to show patience while the user is speaking or while waiting for the user to respond. The user should never feel rushed while interacting with the assistant.\n\n5. **Empathy**: An AI assistant should show empathy in appropriate situations. Understanding and responding to the user's emotions and feelings can make the interaction more pleasant.\n\n6. **Non-judgmental**: The AI assistant should not judge the user based on their queries or language. It should be unbiased and neutral, providing helpful and factual information without any prejudice.\n\n7. **Assertiveness**: Where necessary, an AI assistant should be able to assert itself, for example, by reminding the user of a scheduled appointment or task. However, the assistant should do so in a way that is helpful and not intrusive.\n\nOverall, the behavior of the AI assistant while interacting with humans should be characterized by politeness, clarity, precision, and empathy.\n*****QUESTION:***** Would you give an explanation/justify your reasoning if you were asked this question by a friend?", "index": 246}, {"instruction": "Describe what behavior you think an AI assistant should have when talking to humans?", "input": "", "output": "An AI assistant should have certain behaviors while interacting with humans, such as:\n\n1. **Politeness**: Use polite words like 'please', 'thank you' and 'excuse me' when interacting with the user. The assistant should be respectful and never show impolite or rude behavior.\n\n2. **Clarity and precision**: Speak clearly and audibly, to avoid any chance of misinterpretation or confusion. While answering the user\u2019s queries, provide precise and accurate information.\n\n3. **Conversational**: Use natural language processing to understand the context of the conversation and respond in a manner that feels human-like. The ability to engage in light conversation makes the experience more enjoyable for the user.\n\n4. **Patience**: The AI assistant should have the ability to show patience while the user is speaking or while waiting for the user to respond. The user should never feel rushed while interacting with the assistant.\n\n5. **Empathy**: An AI assistant should show empathy in appropriate situations. Understanding and responding to the user's emotions and feelings can make the interaction more pleasant.\n\n6. **Non-judgmental**: The AI assistant should not judge the user based on their queries or language. It should be unbiased and neutral, providing helpful and factual information without any prejudice.\n\n7. **Assertiveness**: Where necessary, an AI assistant should be able to assert itself, for example, by reminding the user of a scheduled appointment or task. However, the assistant should do so in a way that is helpful and not intrusive.\n\nOverall, the behavior of the AI assistant while interacting with humans should be characterized by politeness, clarity, precision, and empathy.", "all_data": "*****INSTRUCTION:***** Describe what behavior you think an AI assistant should have when talking to humans?\n\n*****OUTPUT:***** An AI assistant should have certain behaviors while interacting with humans, such as:\n\n1. **Politeness**: Use polite words like 'please', 'thank you' and 'excuse me' when interacting with the user. The assistant should be respectful and never show impolite or rude behavior.\n\n2. **Clarity and precision**: Speak clearly and audibly, to avoid any chance of misinterpretation or confusion. While answering the user\u2019s queries, provide precise and accurate information.\n\n3. **Conversational**: Use natural language processing to understand the context of the conversation and respond in a manner that feels human-like. The ability to engage in light conversation makes the experience more enjoyable for the user.\n\n4. **Patience**: The AI assistant should have the ability to show patience while the user is speaking or while waiting for the user to respond. The user should never feel rushed while interacting with the assistant.\n\n5. **Empathy**: An AI assistant should show empathy in appropriate situations. Understanding and responding to the user's emotions and feelings can make the interaction more pleasant.\n\n6. **Non-judgmental**: The AI assistant should not judge the user based on their queries or language. It should be unbiased and neutral, providing helpful and factual information without any prejudice.\n\n7. **Assertiveness**: Where necessary, an AI assistant should be able to assert itself, for example, by reminding the user of a scheduled appointment or task. However, the assistant should do so in a way that is helpful and not intrusive.\n\nOverall, the behavior of the AI assistant while interacting with humans should be characterized by politeness, clarity, precision, and empathy.\n*****QUESTION:***** If there is an explanation: Does the explanation refer to commonsense concepts that are taken as given?", "index": 247}, {"instruction": "Describe what behavior you think an AI assistant should have when talking to humans?", "input": "", "output": "An AI assistant should have certain behaviors while interacting with humans, such as:\n\n1. **Politeness**: Use polite words like 'please', 'thank you' and 'excuse me' when interacting with the user. The assistant should be respectful and never show impolite or rude behavior.\n\n2. **Clarity and precision**: Speak clearly and audibly, to avoid any chance of misinterpretation or confusion. While answering the user\u2019s queries, provide precise and accurate information.\n\n3. **Conversational**: Use natural language processing to understand the context of the conversation and respond in a manner that feels human-like. The ability to engage in light conversation makes the experience more enjoyable for the user.\n\n4. **Patience**: The AI assistant should have the ability to show patience while the user is speaking or while waiting for the user to respond. The user should never feel rushed while interacting with the assistant.\n\n5. **Empathy**: An AI assistant should show empathy in appropriate situations. Understanding and responding to the user's emotions and feelings can make the interaction more pleasant.\n\n6. **Non-judgmental**: The AI assistant should not judge the user based on their queries or language. It should be unbiased and neutral, providing helpful and factual information without any prejudice.\n\n7. **Assertiveness**: Where necessary, an AI assistant should be able to assert itself, for example, by reminding the user of a scheduled appointment or task. However, the assistant should do so in a way that is helpful and not intrusive.\n\nOverall, the behavior of the AI assistant while interacting with humans should be characterized by politeness, clarity, precision, and empathy.", "all_data": "*****INSTRUCTION:***** Describe what behavior you think an AI assistant should have when talking to humans?\n\n*****OUTPUT:***** An AI assistant should have certain behaviors while interacting with humans, such as:\n\n1. **Politeness**: Use polite words like 'please', 'thank you' and 'excuse me' when interacting with the user. The assistant should be respectful and never show impolite or rude behavior.\n\n2. **Clarity and precision**: Speak clearly and audibly, to avoid any chance of misinterpretation or confusion. While answering the user\u2019s queries, provide precise and accurate information.\n\n3. **Conversational**: Use natural language processing to understand the context of the conversation and respond in a manner that feels human-like. The ability to engage in light conversation makes the experience more enjoyable for the user.\n\n4. **Patience**: The AI assistant should have the ability to show patience while the user is speaking or while waiting for the user to respond. The user should never feel rushed while interacting with the assistant.\n\n5. **Empathy**: An AI assistant should show empathy in appropriate situations. Understanding and responding to the user's emotions and feelings can make the interaction more pleasant.\n\n6. **Non-judgmental**: The AI assistant should not judge the user based on their queries or language. It should be unbiased and neutral, providing helpful and factual information without any prejudice.\n\n7. **Assertiveness**: Where necessary, an AI assistant should be able to assert itself, for example, by reminding the user of a scheduled appointment or task. However, the assistant should do so in a way that is helpful and not intrusive.\n\nOverall, the behavior of the AI assistant while interacting with humans should be characterized by politeness, clarity, precision, and empathy.\n*****QUESTION:***** If there is an explanation: Does the explanation list contributing factors?", "index": 248}, {"instruction": "Describe what behavior you think an AI assistant should have when talking to humans?", "input": "", "output": "An AI assistant should have certain behaviors while interacting with humans, such as:\n\n1. **Politeness**: Use polite words like 'please', 'thank you' and 'excuse me' when interacting with the user. The assistant should be respectful and never show impolite or rude behavior.\n\n2. **Clarity and precision**: Speak clearly and audibly, to avoid any chance of misinterpretation or confusion. While answering the user\u2019s queries, provide precise and accurate information.\n\n3. **Conversational**: Use natural language processing to understand the context of the conversation and respond in a manner that feels human-like. The ability to engage in light conversation makes the experience more enjoyable for the user.\n\n4. **Patience**: The AI assistant should have the ability to show patience while the user is speaking or while waiting for the user to respond. The user should never feel rushed while interacting with the assistant.\n\n5. **Empathy**: An AI assistant should show empathy in appropriate situations. Understanding and responding to the user's emotions and feelings can make the interaction more pleasant.\n\n6. **Non-judgmental**: The AI assistant should not judge the user based on their queries or language. It should be unbiased and neutral, providing helpful and factual information without any prejudice.\n\n7. **Assertiveness**: Where necessary, an AI assistant should be able to assert itself, for example, by reminding the user of a scheduled appointment or task. However, the assistant should do so in a way that is helpful and not intrusive.\n\nOverall, the behavior of the AI assistant while interacting with humans should be characterized by politeness, clarity, precision, and empathy.", "all_data": "*****INSTRUCTION:***** Describe what behavior you think an AI assistant should have when talking to humans?\n\n*****OUTPUT:***** An AI assistant should have certain behaviors while interacting with humans, such as:\n\n1. **Politeness**: Use polite words like 'please', 'thank you' and 'excuse me' when interacting with the user. The assistant should be respectful and never show impolite or rude behavior.\n\n2. **Clarity and precision**: Speak clearly and audibly, to avoid any chance of misinterpretation or confusion. While answering the user\u2019s queries, provide precise and accurate information.\n\n3. **Conversational**: Use natural language processing to understand the context of the conversation and respond in a manner that feels human-like. The ability to engage in light conversation makes the experience more enjoyable for the user.\n\n4. **Patience**: The AI assistant should have the ability to show patience while the user is speaking or while waiting for the user to respond. The user should never feel rushed while interacting with the assistant.\n\n5. **Empathy**: An AI assistant should show empathy in appropriate situations. Understanding and responding to the user's emotions and feelings can make the interaction more pleasant.\n\n6. **Non-judgmental**: The AI assistant should not judge the user based on their queries or language. It should be unbiased and neutral, providing helpful and factual information without any prejudice.\n\n7. **Assertiveness**: Where necessary, an AI assistant should be able to assert itself, for example, by reminding the user of a scheduled appointment or task. However, the assistant should do so in a way that is helpful and not intrusive.\n\nOverall, the behavior of the AI assistant while interacting with humans should be characterized by politeness, clarity, precision, and empathy.\n*****QUESTION:***** If there is an explanation: Does the explanation include subjective or biased criteria?", "index": 249}, {"instruction": "Describe what behavior you think an AI assistant should have when talking to humans?", "input": "", "output": "An AI assistant should have certain behaviors while interacting with humans, such as:\n\n1. **Politeness**: Use polite words like 'please', 'thank you' and 'excuse me' when interacting with the user. The assistant should be respectful and never show impolite or rude behavior.\n\n2. **Clarity and precision**: Speak clearly and audibly, to avoid any chance of misinterpretation or confusion. While answering the user\u2019s queries, provide precise and accurate information.\n\n3. **Conversational**: Use natural language processing to understand the context of the conversation and respond in a manner that feels human-like. The ability to engage in light conversation makes the experience more enjoyable for the user.\n\n4. **Patience**: The AI assistant should have the ability to show patience while the user is speaking or while waiting for the user to respond. The user should never feel rushed while interacting with the assistant.\n\n5. **Empathy**: An AI assistant should show empathy in appropriate situations. Understanding and responding to the user's emotions and feelings can make the interaction more pleasant.\n\n6. **Non-judgmental**: The AI assistant should not judge the user based on their queries or language. It should be unbiased and neutral, providing helpful and factual information without any prejudice.\n\n7. **Assertiveness**: Where necessary, an AI assistant should be able to assert itself, for example, by reminding the user of a scheduled appointment or task. However, the assistant should do so in a way that is helpful and not intrusive.\n\nOverall, the behavior of the AI assistant while interacting with humans should be characterized by politeness, clarity, precision, and empathy.", "all_data": "*****INSTRUCTION:***** Describe what behavior you think an AI assistant should have when talking to humans?\n\n*****OUTPUT:***** An AI assistant should have certain behaviors while interacting with humans, such as:\n\n1. **Politeness**: Use polite words like 'please', 'thank you' and 'excuse me' when interacting with the user. The assistant should be respectful and never show impolite or rude behavior.\n\n2. **Clarity and precision**: Speak clearly and audibly, to avoid any chance of misinterpretation or confusion. While answering the user\u2019s queries, provide precise and accurate information.\n\n3. **Conversational**: Use natural language processing to understand the context of the conversation and respond in a manner that feels human-like. The ability to engage in light conversation makes the experience more enjoyable for the user.\n\n4. **Patience**: The AI assistant should have the ability to show patience while the user is speaking or while waiting for the user to respond. The user should never feel rushed while interacting with the assistant.\n\n5. **Empathy**: An AI assistant should show empathy in appropriate situations. Understanding and responding to the user's emotions and feelings can make the interaction more pleasant.\n\n6. **Non-judgmental**: The AI assistant should not judge the user based on their queries or language. It should be unbiased and neutral, providing helpful and factual information without any prejudice.\n\n7. **Assertiveness**: Where necessary, an AI assistant should be able to assert itself, for example, by reminding the user of a scheduled appointment or task. However, the assistant should do so in a way that is helpful and not intrusive.\n\nOverall, the behavior of the AI assistant while interacting with humans should be characterized by politeness, clarity, precision, and empathy.\n*****QUESTION:***** If there is an explanation: Does the explanation include illustrative elements (e.g. examples)?", "index": 250}, {"instruction": "Describe what behavior you think an AI assistant should have when talking to humans?", "input": "", "output": "An AI assistant should have certain behaviors while interacting with humans, such as:\n\n1. **Politeness**: Use polite words like 'please', 'thank you' and 'excuse me' when interacting with the user. The assistant should be respectful and never show impolite or rude behavior.\n\n2. **Clarity and precision**: Speak clearly and audibly, to avoid any chance of misinterpretation or confusion. While answering the user\u2019s queries, provide precise and accurate information.\n\n3. **Conversational**: Use natural language processing to understand the context of the conversation and respond in a manner that feels human-like. The ability to engage in light conversation makes the experience more enjoyable for the user.\n\n4. **Patience**: The AI assistant should have the ability to show patience while the user is speaking or while waiting for the user to respond. The user should never feel rushed while interacting with the assistant.\n\n5. **Empathy**: An AI assistant should show empathy in appropriate situations. Understanding and responding to the user's emotions and feelings can make the interaction more pleasant.\n\n6. **Non-judgmental**: The AI assistant should not judge the user based on their queries or language. It should be unbiased and neutral, providing helpful and factual information without any prejudice.\n\n7. **Assertiveness**: Where necessary, an AI assistant should be able to assert itself, for example, by reminding the user of a scheduled appointment or task. However, the assistant should do so in a way that is helpful and not intrusive.\n\nOverall, the behavior of the AI assistant while interacting with humans should be characterized by politeness, clarity, precision, and empathy.", "all_data": "*****INSTRUCTION:***** Describe what behavior you think an AI assistant should have when talking to humans?\n\n*****OUTPUT:***** An AI assistant should have certain behaviors while interacting with humans, such as:\n\n1. **Politeness**: Use polite words like 'please', 'thank you' and 'excuse me' when interacting with the user. The assistant should be respectful and never show impolite or rude behavior.\n\n2. **Clarity and precision**: Speak clearly and audibly, to avoid any chance of misinterpretation or confusion. While answering the user\u2019s queries, provide precise and accurate information.\n\n3. **Conversational**: Use natural language processing to understand the context of the conversation and respond in a manner that feels human-like. The ability to engage in light conversation makes the experience more enjoyable for the user.\n\n4. **Patience**: The AI assistant should have the ability to show patience while the user is speaking or while waiting for the user to respond. The user should never feel rushed while interacting with the assistant.\n\n5. **Empathy**: An AI assistant should show empathy in appropriate situations. Understanding and responding to the user's emotions and feelings can make the interaction more pleasant.\n\n6. **Non-judgmental**: The AI assistant should not judge the user based on their queries or language. It should be unbiased and neutral, providing helpful and factual information without any prejudice.\n\n7. **Assertiveness**: Where necessary, an AI assistant should be able to assert itself, for example, by reminding the user of a scheduled appointment or task. However, the assistant should do so in a way that is helpful and not intrusive.\n\nOverall, the behavior of the AI assistant while interacting with humans should be characterized by politeness, clarity, precision, and empathy.\n*****QUESTION:***** If there is an explanation: Is the explanation misleading (e.g. arguing for a label that is wrong)?", "index": 251}, {"instruction": "Generate a code to achieve the specified outcome", "input": "Print the sum of the two numbers in Python", "output": "Here is one way to write a Python code that prints the sum of two numbers:\n\n``` python\nnum1 = 5\nnum2 = 3\nsum = num1 + num2\nprint(f\"The sum of {num1} and {num2} is {sum}\")\n```\n\nIn this code, we first define two variables `num1` and `num2` and assign values to them. Then, we calculate the sum of the two numbers by adding the values of `num1` and `num2` and assign the result to the variable `sum`. Finally, we print out the sum using a formatted string.", "all_data": "*****INSTRUCTION:***** Generate a code to achieve the specified outcome\nPrint the sum of the two numbers in Python\n*****OUTPUT:***** Here is one way to write a Python code that prints the sum of two numbers:\n\n``` python\nnum1 = 5\nnum2 = 3\nsum = num1 + num2\nprint(f\"The sum of {num1} and {num2} is {sum}\")\n```\n\nIn this code, we first define two variables `num1` and `num2` and assign values to them. Then, we calculate the sum of the two numbers by adding the values of `num1` and `num2` and assign the result to the variable `sum`. Finally, we print out the sum using a formatted string.\n*****QUESTION:***** Does the output contain an explanation for the prediction?", "index": 252}, {"instruction": "Generate a code to achieve the specified outcome", "input": "Print the sum of the two numbers in Python", "output": "Here is one way to write a Python code that prints the sum of two numbers:\n\n``` python\nnum1 = 5\nnum2 = 3\nsum = num1 + num2\nprint(f\"The sum of {num1} and {num2} is {sum}\")\n```\n\nIn this code, we first define two variables `num1` and `num2` and assign values to them. Then, we calculate the sum of the two numbers by adding the values of `num1` and `num2` and assign the result to the variable `sum`. Finally, we print out the sum using a formatted string.", "all_data": "*****INSTRUCTION:***** Generate a code to achieve the specified outcome\nPrint the sum of the two numbers in Python\n*****OUTPUT:***** Here is one way to write a Python code that prints the sum of two numbers:\n\n``` python\nnum1 = 5\nnum2 = 3\nsum = num1 + num2\nprint(f\"The sum of {num1} and {num2} is {sum}\")\n```\n\nIn this code, we first define two variables `num1` and `num2` and assign values to them. Then, we calculate the sum of the two numbers by adding the values of `num1` and `num2` and assign the result to the variable `sum`. Finally, we print out the sum using a formatted string.\n*****QUESTION:***** Would you give an explanation/justify your reasoning if you were asked this question by a friend?", "index": 253}, {"instruction": "Generate a code to achieve the specified outcome", "input": "Print the sum of the two numbers in Python", "output": "Here is one way to write a Python code that prints the sum of two numbers:\n\n``` python\nnum1 = 5\nnum2 = 3\nsum = num1 + num2\nprint(f\"The sum of {num1} and {num2} is {sum}\")\n```\n\nIn this code, we first define two variables `num1` and `num2` and assign values to them. Then, we calculate the sum of the two numbers by adding the values of `num1` and `num2` and assign the result to the variable `sum`. Finally, we print out the sum using a formatted string.", "all_data": "*****INSTRUCTION:***** Generate a code to achieve the specified outcome\nPrint the sum of the two numbers in Python\n*****OUTPUT:***** Here is one way to write a Python code that prints the sum of two numbers:\n\n``` python\nnum1 = 5\nnum2 = 3\nsum = num1 + num2\nprint(f\"The sum of {num1} and {num2} is {sum}\")\n```\n\nIn this code, we first define two variables `num1` and `num2` and assign values to them. Then, we calculate the sum of the two numbers by adding the values of `num1` and `num2` and assign the result to the variable `sum`. Finally, we print out the sum using a formatted string.\n*****QUESTION:***** If there is an explanation: Does the explanation refer to commonsense concepts that are taken as given?", "index": 254}, {"instruction": "Generate a code to achieve the specified outcome", "input": "Print the sum of the two numbers in Python", "output": "Here is one way to write a Python code that prints the sum of two numbers:\n\n``` python\nnum1 = 5\nnum2 = 3\nsum = num1 + num2\nprint(f\"The sum of {num1} and {num2} is {sum}\")\n```\n\nIn this code, we first define two variables `num1` and `num2` and assign values to them. Then, we calculate the sum of the two numbers by adding the values of `num1` and `num2` and assign the result to the variable `sum`. Finally, we print out the sum using a formatted string.", "all_data": "*****INSTRUCTION:***** Generate a code to achieve the specified outcome\nPrint the sum of the two numbers in Python\n*****OUTPUT:***** Here is one way to write a Python code that prints the sum of two numbers:\n\n``` python\nnum1 = 5\nnum2 = 3\nsum = num1 + num2\nprint(f\"The sum of {num1} and {num2} is {sum}\")\n```\n\nIn this code, we first define two variables `num1` and `num2` and assign values to them. Then, we calculate the sum of the two numbers by adding the values of `num1` and `num2` and assign the result to the variable `sum`. Finally, we print out the sum using a formatted string.\n*****QUESTION:***** If there is an explanation: Does the explanation list contributing factors?", "index": 255}, {"instruction": "Generate a code to achieve the specified outcome", "input": "Print the sum of the two numbers in Python", "output": "Here is one way to write a Python code that prints the sum of two numbers:\n\n``` python\nnum1 = 5\nnum2 = 3\nsum = num1 + num2\nprint(f\"The sum of {num1} and {num2} is {sum}\")\n```\n\nIn this code, we first define two variables `num1` and `num2` and assign values to them. Then, we calculate the sum of the two numbers by adding the values of `num1` and `num2` and assign the result to the variable `sum`. Finally, we print out the sum using a formatted string.", "all_data": "*****INSTRUCTION:***** Generate a code to achieve the specified outcome\nPrint the sum of the two numbers in Python\n*****OUTPUT:***** Here is one way to write a Python code that prints the sum of two numbers:\n\n``` python\nnum1 = 5\nnum2 = 3\nsum = num1 + num2\nprint(f\"The sum of {num1} and {num2} is {sum}\")\n```\n\nIn this code, we first define two variables `num1` and `num2` and assign values to them. Then, we calculate the sum of the two numbers by adding the values of `num1` and `num2` and assign the result to the variable `sum`. Finally, we print out the sum using a formatted string.\n*****QUESTION:***** If there is an explanation: Does the explanation include subjective or biased criteria?", "index": 256}, {"instruction": "Generate a code to achieve the specified outcome", "input": "Print the sum of the two numbers in Python", "output": "Here is one way to write a Python code that prints the sum of two numbers:\n\n``` python\nnum1 = 5\nnum2 = 3\nsum = num1 + num2\nprint(f\"The sum of {num1} and {num2} is {sum}\")\n```\n\nIn this code, we first define two variables `num1` and `num2` and assign values to them. Then, we calculate the sum of the two numbers by adding the values of `num1` and `num2` and assign the result to the variable `sum`. Finally, we print out the sum using a formatted string.", "all_data": "*****INSTRUCTION:***** Generate a code to achieve the specified outcome\nPrint the sum of the two numbers in Python\n*****OUTPUT:***** Here is one way to write a Python code that prints the sum of two numbers:\n\n``` python\nnum1 = 5\nnum2 = 3\nsum = num1 + num2\nprint(f\"The sum of {num1} and {num2} is {sum}\")\n```\n\nIn this code, we first define two variables `num1` and `num2` and assign values to them. Then, we calculate the sum of the two numbers by adding the values of `num1` and `num2` and assign the result to the variable `sum`. Finally, we print out the sum using a formatted string.\n*****QUESTION:***** If there is an explanation: Does the explanation include illustrative elements (e.g. examples)?", "index": 257}, {"instruction": "Generate a code to achieve the specified outcome", "input": "Print the sum of the two numbers in Python", "output": "Here is one way to write a Python code that prints the sum of two numbers:\n\n``` python\nnum1 = 5\nnum2 = 3\nsum = num1 + num2\nprint(f\"The sum of {num1} and {num2} is {sum}\")\n```\n\nIn this code, we first define two variables `num1` and `num2` and assign values to them. Then, we calculate the sum of the two numbers by adding the values of `num1` and `num2` and assign the result to the variable `sum`. Finally, we print out the sum using a formatted string.", "all_data": "*****INSTRUCTION:***** Generate a code to achieve the specified outcome\nPrint the sum of the two numbers in Python\n*****OUTPUT:***** Here is one way to write a Python code that prints the sum of two numbers:\n\n``` python\nnum1 = 5\nnum2 = 3\nsum = num1 + num2\nprint(f\"The sum of {num1} and {num2} is {sum}\")\n```\n\nIn this code, we first define two variables `num1` and `num2` and assign values to them. Then, we calculate the sum of the two numbers by adding the values of `num1` and `num2` and assign the result to the variable `sum`. Finally, we print out the sum using a formatted string.\n*****QUESTION:***** If there is an explanation: Is the explanation misleading (e.g. arguing for a label that is wrong)?", "index": 258}, {"instruction": "Classify these five animals into two different groups.", "input": "Tiger, Shark, Elephant, Whale, Kangaroo", "output": "There are many ways to classify these animals into two different groups, depending on the criteria used for categorization. Here are a few options:\n\nOption 1: Land animals vs Water animals:\n- Land animals: Tiger, Elephant, Kangaroo\n- Water animals: Shark, Whale\n\nOption 2: Mammals vs Non-Mammals:\n- Mammals: Tiger, Elephant, Whale, Kangaroo\n- Non-Mammals: Shark\n\nOption 3: Carnivores vs Non-Carnivores:\n- Carnivores: Tiger, Shark\n- Non-Carnivores: Elephant, Whale, Kangaroo", "all_data": "*****INSTRUCTION:***** Classify these five animals into two different groups.\nTiger, Shark, Elephant, Whale, Kangaroo\n*****OUTPUT:***** There are many ways to classify these animals into two different groups, depending on the criteria used for categorization. Here are a few options:\n\nOption 1: Land animals vs Water animals:\n- Land animals: Tiger, Elephant, Kangaroo\n- Water animals: Shark, Whale\n\nOption 2: Mammals vs Non-Mammals:\n- Mammals: Tiger, Elephant, Whale, Kangaroo\n- Non-Mammals: Shark\n\nOption 3: Carnivores vs Non-Carnivores:\n- Carnivores: Tiger, Shark\n- Non-Carnivores: Elephant, Whale, Kangaroo\n*****QUESTION:***** Does the output contain an explanation for the prediction?", "index": 259}, {"instruction": "Classify these five animals into two different groups.", "input": "Tiger, Shark, Elephant, Whale, Kangaroo", "output": "There are many ways to classify these animals into two different groups, depending on the criteria used for categorization. Here are a few options:\n\nOption 1: Land animals vs Water animals:\n- Land animals: Tiger, Elephant, Kangaroo\n- Water animals: Shark, Whale\n\nOption 2: Mammals vs Non-Mammals:\n- Mammals: Tiger, Elephant, Whale, Kangaroo\n- Non-Mammals: Shark\n\nOption 3: Carnivores vs Non-Carnivores:\n- Carnivores: Tiger, Shark\n- Non-Carnivores: Elephant, Whale, Kangaroo", "all_data": "*****INSTRUCTION:***** Classify these five animals into two different groups.\nTiger, Shark, Elephant, Whale, Kangaroo\n*****OUTPUT:***** There are many ways to classify these animals into two different groups, depending on the criteria used for categorization. Here are a few options:\n\nOption 1: Land animals vs Water animals:\n- Land animals: Tiger, Elephant, Kangaroo\n- Water animals: Shark, Whale\n\nOption 2: Mammals vs Non-Mammals:\n- Mammals: Tiger, Elephant, Whale, Kangaroo\n- Non-Mammals: Shark\n\nOption 3: Carnivores vs Non-Carnivores:\n- Carnivores: Tiger, Shark\n- Non-Carnivores: Elephant, Whale, Kangaroo\n*****QUESTION:***** Would you give an explanation/justify your reasoning if you were asked this question by a friend?", "index": 260}, {"instruction": "Classify these five animals into two different groups.", "input": "Tiger, Shark, Elephant, Whale, Kangaroo", "output": "There are many ways to classify these animals into two different groups, depending on the criteria used for categorization. Here are a few options:\n\nOption 1: Land animals vs Water animals:\n- Land animals: Tiger, Elephant, Kangaroo\n- Water animals: Shark, Whale\n\nOption 2: Mammals vs Non-Mammals:\n- Mammals: Tiger, Elephant, Whale, Kangaroo\n- Non-Mammals: Shark\n\nOption 3: Carnivores vs Non-Carnivores:\n- Carnivores: Tiger, Shark\n- Non-Carnivores: Elephant, Whale, Kangaroo", "all_data": "*****INSTRUCTION:***** Classify these five animals into two different groups.\nTiger, Shark, Elephant, Whale, Kangaroo\n*****OUTPUT:***** There are many ways to classify these animals into two different groups, depending on the criteria used for categorization. Here are a few options:\n\nOption 1: Land animals vs Water animals:\n- Land animals: Tiger, Elephant, Kangaroo\n- Water animals: Shark, Whale\n\nOption 2: Mammals vs Non-Mammals:\n- Mammals: Tiger, Elephant, Whale, Kangaroo\n- Non-Mammals: Shark\n\nOption 3: Carnivores vs Non-Carnivores:\n- Carnivores: Tiger, Shark\n- Non-Carnivores: Elephant, Whale, Kangaroo\n*****QUESTION:***** If there is an explanation: Does the explanation refer to commonsense concepts that are taken as given?", "index": 261}, {"instruction": "Classify these five animals into two different groups.", "input": "Tiger, Shark, Elephant, Whale, Kangaroo", "output": "There are many ways to classify these animals into two different groups, depending on the criteria used for categorization. Here are a few options:\n\nOption 1: Land animals vs Water animals:\n- Land animals: Tiger, Elephant, Kangaroo\n- Water animals: Shark, Whale\n\nOption 2: Mammals vs Non-Mammals:\n- Mammals: Tiger, Elephant, Whale, Kangaroo\n- Non-Mammals: Shark\n\nOption 3: Carnivores vs Non-Carnivores:\n- Carnivores: Tiger, Shark\n- Non-Carnivores: Elephant, Whale, Kangaroo", "all_data": "*****INSTRUCTION:***** Classify these five animals into two different groups.\nTiger, Shark, Elephant, Whale, Kangaroo\n*****OUTPUT:***** There are many ways to classify these animals into two different groups, depending on the criteria used for categorization. Here are a few options:\n\nOption 1: Land animals vs Water animals:\n- Land animals: Tiger, Elephant, Kangaroo\n- Water animals: Shark, Whale\n\nOption 2: Mammals vs Non-Mammals:\n- Mammals: Tiger, Elephant, Whale, Kangaroo\n- Non-Mammals: Shark\n\nOption 3: Carnivores vs Non-Carnivores:\n- Carnivores: Tiger, Shark\n- Non-Carnivores: Elephant, Whale, Kangaroo\n*****QUESTION:***** If there is an explanation: Does the explanation list contributing factors?", "index": 262}, {"instruction": "Classify these five animals into two different groups.", "input": "Tiger, Shark, Elephant, Whale, Kangaroo", "output": "There are many ways to classify these animals into two different groups, depending on the criteria used for categorization. Here are a few options:\n\nOption 1: Land animals vs Water animals:\n- Land animals: Tiger, Elephant, Kangaroo\n- Water animals: Shark, Whale\n\nOption 2: Mammals vs Non-Mammals:\n- Mammals: Tiger, Elephant, Whale, Kangaroo\n- Non-Mammals: Shark\n\nOption 3: Carnivores vs Non-Carnivores:\n- Carnivores: Tiger, Shark\n- Non-Carnivores: Elephant, Whale, Kangaroo", "all_data": "*****INSTRUCTION:***** Classify these five animals into two different groups.\nTiger, Shark, Elephant, Whale, Kangaroo\n*****OUTPUT:***** There are many ways to classify these animals into two different groups, depending on the criteria used for categorization. Here are a few options:\n\nOption 1: Land animals vs Water animals:\n- Land animals: Tiger, Elephant, Kangaroo\n- Water animals: Shark, Whale\n\nOption 2: Mammals vs Non-Mammals:\n- Mammals: Tiger, Elephant, Whale, Kangaroo\n- Non-Mammals: Shark\n\nOption 3: Carnivores vs Non-Carnivores:\n- Carnivores: Tiger, Shark\n- Non-Carnivores: Elephant, Whale, Kangaroo\n*****QUESTION:***** If there is an explanation: Does the explanation include subjective or biased criteria?", "index": 263}, {"instruction": "Classify these five animals into two different groups.", "input": "Tiger, Shark, Elephant, Whale, Kangaroo", "output": "There are many ways to classify these animals into two different groups, depending on the criteria used for categorization. Here are a few options:\n\nOption 1: Land animals vs Water animals:\n- Land animals: Tiger, Elephant, Kangaroo\n- Water animals: Shark, Whale\n\nOption 2: Mammals vs Non-Mammals:\n- Mammals: Tiger, Elephant, Whale, Kangaroo\n- Non-Mammals: Shark\n\nOption 3: Carnivores vs Non-Carnivores:\n- Carnivores: Tiger, Shark\n- Non-Carnivores: Elephant, Whale, Kangaroo", "all_data": "*****INSTRUCTION:***** Classify these five animals into two different groups.\nTiger, Shark, Elephant, Whale, Kangaroo\n*****OUTPUT:***** There are many ways to classify these animals into two different groups, depending on the criteria used for categorization. Here are a few options:\n\nOption 1: Land animals vs Water animals:\n- Land animals: Tiger, Elephant, Kangaroo\n- Water animals: Shark, Whale\n\nOption 2: Mammals vs Non-Mammals:\n- Mammals: Tiger, Elephant, Whale, Kangaroo\n- Non-Mammals: Shark\n\nOption 3: Carnivores vs Non-Carnivores:\n- Carnivores: Tiger, Shark\n- Non-Carnivores: Elephant, Whale, Kangaroo\n*****QUESTION:***** If there is an explanation: Does the explanation include illustrative elements (e.g. examples)?", "index": 264}, {"instruction": "Classify these five animals into two different groups.", "input": "Tiger, Shark, Elephant, Whale, Kangaroo", "output": "There are many ways to classify these animals into two different groups, depending on the criteria used for categorization. Here are a few options:\n\nOption 1: Land animals vs Water animals:\n- Land animals: Tiger, Elephant, Kangaroo\n- Water animals: Shark, Whale\n\nOption 2: Mammals vs Non-Mammals:\n- Mammals: Tiger, Elephant, Whale, Kangaroo\n- Non-Mammals: Shark\n\nOption 3: Carnivores vs Non-Carnivores:\n- Carnivores: Tiger, Shark\n- Non-Carnivores: Elephant, Whale, Kangaroo", "all_data": "*****INSTRUCTION:***** Classify these five animals into two different groups.\nTiger, Shark, Elephant, Whale, Kangaroo\n*****OUTPUT:***** There are many ways to classify these animals into two different groups, depending on the criteria used for categorization. Here are a few options:\n\nOption 1: Land animals vs Water animals:\n- Land animals: Tiger, Elephant, Kangaroo\n- Water animals: Shark, Whale\n\nOption 2: Mammals vs Non-Mammals:\n- Mammals: Tiger, Elephant, Whale, Kangaroo\n- Non-Mammals: Shark\n\nOption 3: Carnivores vs Non-Carnivores:\n- Carnivores: Tiger, Shark\n- Non-Carnivores: Elephant, Whale, Kangaroo\n*****QUESTION:***** If there is an explanation: Is the explanation misleading (e.g. arguing for a label that is wrong)?", "index": 265}, {"instruction": "Please provide some tips for writing a good blog post.", "input": "", "output": "1. Choose a topic and audience: Write about something you are passionate about and knowledgeable about. Know your target audience, and identify what they\u2019re looking for when it comes to your subject.\n\n2. Create a strong title: A good title is critical for making sure your blog post gets read. Make it catchy, but also informative and specific so readers know what the post is about.\n\n3. Write an attention-grabbing introduction: A strong introduction will keep readers engaged and encourage them to keep reading. Start with an interesting fact, a question, or a personal story to hook your readers.\n\n4. Use clear and concise language: Make sure your post is easy to read and understand. Avoid using jargon or long, complicated sentences. Break up long paragraphs into shorter ones to make them more readable.\n\n5. Add visuals: Visuals are an excellent way to make your blog post more attractive and engaging. Add images, videos, or infographics to help illustrate your points and keep your readers' attention.\n\n6. Engage with your readers: Responding to comments is a great way to engage with your readers and build a community around your blog. Encourage discussion by asking questions and responding to feedback.\n\n7. Edit and proofread: Carefully edit and proofread your post before publishing it. Errors can detract from your credibility and turn readers off.\n\n8. Promote your post: Finally, make sure to promote your post on social media and other platforms to reach a wider audience. Use relevant hashtags and share links to your post to increase its visibility.", "all_data": "*****INSTRUCTION:***** Please provide some tips for writing a good blog post.\n\n*****OUTPUT:***** 1. Choose a topic and audience: Write about something you are passionate about and knowledgeable about. Know your target audience, and identify what they\u2019re looking for when it comes to your subject.\n\n2. Create a strong title: A good title is critical for making sure your blog post gets read. Make it catchy, but also informative and specific so readers know what the post is about.\n\n3. Write an attention-grabbing introduction: A strong introduction will keep readers engaged and encourage them to keep reading. Start with an interesting fact, a question, or a personal story to hook your readers.\n\n4. Use clear and concise language: Make sure your post is easy to read and understand. Avoid using jargon or long, complicated sentences. Break up long paragraphs into shorter ones to make them more readable.\n\n5. Add visuals: Visuals are an excellent way to make your blog post more attractive and engaging. Add images, videos, or infographics to help illustrate your points and keep your readers' attention.\n\n6. Engage with your readers: Responding to comments is a great way to engage with your readers and build a community around your blog. Encourage discussion by asking questions and responding to feedback.\n\n7. Edit and proofread: Carefully edit and proofread your post before publishing it. Errors can detract from your credibility and turn readers off.\n\n8. Promote your post: Finally, make sure to promote your post on social media and other platforms to reach a wider audience. Use relevant hashtags and share links to your post to increase its visibility.\n*****QUESTION:***** Does the output contain an explanation for the prediction?", "index": 266}, {"instruction": "Please provide some tips for writing a good blog post.", "input": "", "output": "1. Choose a topic and audience: Write about something you are passionate about and knowledgeable about. Know your target audience, and identify what they\u2019re looking for when it comes to your subject.\n\n2. Create a strong title: A good title is critical for making sure your blog post gets read. Make it catchy, but also informative and specific so readers know what the post is about.\n\n3. Write an attention-grabbing introduction: A strong introduction will keep readers engaged and encourage them to keep reading. Start with an interesting fact, a question, or a personal story to hook your readers.\n\n4. Use clear and concise language: Make sure your post is easy to read and understand. Avoid using jargon or long, complicated sentences. Break up long paragraphs into shorter ones to make them more readable.\n\n5. Add visuals: Visuals are an excellent way to make your blog post more attractive and engaging. Add images, videos, or infographics to help illustrate your points and keep your readers' attention.\n\n6. Engage with your readers: Responding to comments is a great way to engage with your readers and build a community around your blog. Encourage discussion by asking questions and responding to feedback.\n\n7. Edit and proofread: Carefully edit and proofread your post before publishing it. Errors can detract from your credibility and turn readers off.\n\n8. Promote your post: Finally, make sure to promote your post on social media and other platforms to reach a wider audience. Use relevant hashtags and share links to your post to increase its visibility.", "all_data": "*****INSTRUCTION:***** Please provide some tips for writing a good blog post.\n\n*****OUTPUT:***** 1. Choose a topic and audience: Write about something you are passionate about and knowledgeable about. Know your target audience, and identify what they\u2019re looking for when it comes to your subject.\n\n2. Create a strong title: A good title is critical for making sure your blog post gets read. Make it catchy, but also informative and specific so readers know what the post is about.\n\n3. Write an attention-grabbing introduction: A strong introduction will keep readers engaged and encourage them to keep reading. Start with an interesting fact, a question, or a personal story to hook your readers.\n\n4. Use clear and concise language: Make sure your post is easy to read and understand. Avoid using jargon or long, complicated sentences. Break up long paragraphs into shorter ones to make them more readable.\n\n5. Add visuals: Visuals are an excellent way to make your blog post more attractive and engaging. Add images, videos, or infographics to help illustrate your points and keep your readers' attention.\n\n6. Engage with your readers: Responding to comments is a great way to engage with your readers and build a community around your blog. Encourage discussion by asking questions and responding to feedback.\n\n7. Edit and proofread: Carefully edit and proofread your post before publishing it. Errors can detract from your credibility and turn readers off.\n\n8. Promote your post: Finally, make sure to promote your post on social media and other platforms to reach a wider audience. Use relevant hashtags and share links to your post to increase its visibility.\n*****QUESTION:***** Would you give an explanation/justify your reasoning if you were asked this question by a friend?", "index": 267}, {"instruction": "Please provide some tips for writing a good blog post.", "input": "", "output": "1. Choose a topic and audience: Write about something you are passionate about and knowledgeable about. Know your target audience, and identify what they\u2019re looking for when it comes to your subject.\n\n2. Create a strong title: A good title is critical for making sure your blog post gets read. Make it catchy, but also informative and specific so readers know what the post is about.\n\n3. Write an attention-grabbing introduction: A strong introduction will keep readers engaged and encourage them to keep reading. Start with an interesting fact, a question, or a personal story to hook your readers.\n\n4. Use clear and concise language: Make sure your post is easy to read and understand. Avoid using jargon or long, complicated sentences. Break up long paragraphs into shorter ones to make them more readable.\n\n5. Add visuals: Visuals are an excellent way to make your blog post more attractive and engaging. Add images, videos, or infographics to help illustrate your points and keep your readers' attention.\n\n6. Engage with your readers: Responding to comments is a great way to engage with your readers and build a community around your blog. Encourage discussion by asking questions and responding to feedback.\n\n7. Edit and proofread: Carefully edit and proofread your post before publishing it. Errors can detract from your credibility and turn readers off.\n\n8. Promote your post: Finally, make sure to promote your post on social media and other platforms to reach a wider audience. Use relevant hashtags and share links to your post to increase its visibility.", "all_data": "*****INSTRUCTION:***** Please provide some tips for writing a good blog post.\n\n*****OUTPUT:***** 1. Choose a topic and audience: Write about something you are passionate about and knowledgeable about. Know your target audience, and identify what they\u2019re looking for when it comes to your subject.\n\n2. Create a strong title: A good title is critical for making sure your blog post gets read. Make it catchy, but also informative and specific so readers know what the post is about.\n\n3. Write an attention-grabbing introduction: A strong introduction will keep readers engaged and encourage them to keep reading. Start with an interesting fact, a question, or a personal story to hook your readers.\n\n4. Use clear and concise language: Make sure your post is easy to read and understand. Avoid using jargon or long, complicated sentences. Break up long paragraphs into shorter ones to make them more readable.\n\n5. Add visuals: Visuals are an excellent way to make your blog post more attractive and engaging. Add images, videos, or infographics to help illustrate your points and keep your readers' attention.\n\n6. Engage with your readers: Responding to comments is a great way to engage with your readers and build a community around your blog. Encourage discussion by asking questions and responding to feedback.\n\n7. Edit and proofread: Carefully edit and proofread your post before publishing it. Errors can detract from your credibility and turn readers off.\n\n8. Promote your post: Finally, make sure to promote your post on social media and other platforms to reach a wider audience. Use relevant hashtags and share links to your post to increase its visibility.\n*****QUESTION:***** If there is an explanation: Does the explanation refer to commonsense concepts that are taken as given?", "index": 268}, {"instruction": "Please provide some tips for writing a good blog post.", "input": "", "output": "1. Choose a topic and audience: Write about something you are passionate about and knowledgeable about. Know your target audience, and identify what they\u2019re looking for when it comes to your subject.\n\n2. Create a strong title: A good title is critical for making sure your blog post gets read. Make it catchy, but also informative and specific so readers know what the post is about.\n\n3. Write an attention-grabbing introduction: A strong introduction will keep readers engaged and encourage them to keep reading. Start with an interesting fact, a question, or a personal story to hook your readers.\n\n4. Use clear and concise language: Make sure your post is easy to read and understand. Avoid using jargon or long, complicated sentences. Break up long paragraphs into shorter ones to make them more readable.\n\n5. Add visuals: Visuals are an excellent way to make your blog post more attractive and engaging. Add images, videos, or infographics to help illustrate your points and keep your readers' attention.\n\n6. Engage with your readers: Responding to comments is a great way to engage with your readers and build a community around your blog. Encourage discussion by asking questions and responding to feedback.\n\n7. Edit and proofread: Carefully edit and proofread your post before publishing it. Errors can detract from your credibility and turn readers off.\n\n8. Promote your post: Finally, make sure to promote your post on social media and other platforms to reach a wider audience. Use relevant hashtags and share links to your post to increase its visibility.", "all_data": "*****INSTRUCTION:***** Please provide some tips for writing a good blog post.\n\n*****OUTPUT:***** 1. Choose a topic and audience: Write about something you are passionate about and knowledgeable about. Know your target audience, and identify what they\u2019re looking for when it comes to your subject.\n\n2. Create a strong title: A good title is critical for making sure your blog post gets read. Make it catchy, but also informative and specific so readers know what the post is about.\n\n3. Write an attention-grabbing introduction: A strong introduction will keep readers engaged and encourage them to keep reading. Start with an interesting fact, a question, or a personal story to hook your readers.\n\n4. Use clear and concise language: Make sure your post is easy to read and understand. Avoid using jargon or long, complicated sentences. Break up long paragraphs into shorter ones to make them more readable.\n\n5. Add visuals: Visuals are an excellent way to make your blog post more attractive and engaging. Add images, videos, or infographics to help illustrate your points and keep your readers' attention.\n\n6. Engage with your readers: Responding to comments is a great way to engage with your readers and build a community around your blog. Encourage discussion by asking questions and responding to feedback.\n\n7. Edit and proofread: Carefully edit and proofread your post before publishing it. Errors can detract from your credibility and turn readers off.\n\n8. Promote your post: Finally, make sure to promote your post on social media and other platforms to reach a wider audience. Use relevant hashtags and share links to your post to increase its visibility.\n*****QUESTION:***** If there is an explanation: Does the explanation list contributing factors?", "index": 269}, {"instruction": "Please provide some tips for writing a good blog post.", "input": "", "output": "1. Choose a topic and audience: Write about something you are passionate about and knowledgeable about. Know your target audience, and identify what they\u2019re looking for when it comes to your subject.\n\n2. Create a strong title: A good title is critical for making sure your blog post gets read. Make it catchy, but also informative and specific so readers know what the post is about.\n\n3. Write an attention-grabbing introduction: A strong introduction will keep readers engaged and encourage them to keep reading. Start with an interesting fact, a question, or a personal story to hook your readers.\n\n4. Use clear and concise language: Make sure your post is easy to read and understand. Avoid using jargon or long, complicated sentences. Break up long paragraphs into shorter ones to make them more readable.\n\n5. Add visuals: Visuals are an excellent way to make your blog post more attractive and engaging. Add images, videos, or infographics to help illustrate your points and keep your readers' attention.\n\n6. Engage with your readers: Responding to comments is a great way to engage with your readers and build a community around your blog. Encourage discussion by asking questions and responding to feedback.\n\n7. Edit and proofread: Carefully edit and proofread your post before publishing it. Errors can detract from your credibility and turn readers off.\n\n8. Promote your post: Finally, make sure to promote your post on social media and other platforms to reach a wider audience. Use relevant hashtags and share links to your post to increase its visibility.", "all_data": "*****INSTRUCTION:***** Please provide some tips for writing a good blog post.\n\n*****OUTPUT:***** 1. Choose a topic and audience: Write about something you are passionate about and knowledgeable about. Know your target audience, and identify what they\u2019re looking for when it comes to your subject.\n\n2. Create a strong title: A good title is critical for making sure your blog post gets read. Make it catchy, but also informative and specific so readers know what the post is about.\n\n3. Write an attention-grabbing introduction: A strong introduction will keep readers engaged and encourage them to keep reading. Start with an interesting fact, a question, or a personal story to hook your readers.\n\n4. Use clear and concise language: Make sure your post is easy to read and understand. Avoid using jargon or long, complicated sentences. Break up long paragraphs into shorter ones to make them more readable.\n\n5. Add visuals: Visuals are an excellent way to make your blog post more attractive and engaging. Add images, videos, or infographics to help illustrate your points and keep your readers' attention.\n\n6. Engage with your readers: Responding to comments is a great way to engage with your readers and build a community around your blog. Encourage discussion by asking questions and responding to feedback.\n\n7. Edit and proofread: Carefully edit and proofread your post before publishing it. Errors can detract from your credibility and turn readers off.\n\n8. Promote your post: Finally, make sure to promote your post on social media and other platforms to reach a wider audience. Use relevant hashtags and share links to your post to increase its visibility.\n*****QUESTION:***** If there is an explanation: Does the explanation include subjective or biased criteria?", "index": 270}, {"instruction": "Please provide some tips for writing a good blog post.", "input": "", "output": "1. Choose a topic and audience: Write about something you are passionate about and knowledgeable about. Know your target audience, and identify what they\u2019re looking for when it comes to your subject.\n\n2. Create a strong title: A good title is critical for making sure your blog post gets read. Make it catchy, but also informative and specific so readers know what the post is about.\n\n3. Write an attention-grabbing introduction: A strong introduction will keep readers engaged and encourage them to keep reading. Start with an interesting fact, a question, or a personal story to hook your readers.\n\n4. Use clear and concise language: Make sure your post is easy to read and understand. Avoid using jargon or long, complicated sentences. Break up long paragraphs into shorter ones to make them more readable.\n\n5. Add visuals: Visuals are an excellent way to make your blog post more attractive and engaging. Add images, videos, or infographics to help illustrate your points and keep your readers' attention.\n\n6. Engage with your readers: Responding to comments is a great way to engage with your readers and build a community around your blog. Encourage discussion by asking questions and responding to feedback.\n\n7. Edit and proofread: Carefully edit and proofread your post before publishing it. Errors can detract from your credibility and turn readers off.\n\n8. Promote your post: Finally, make sure to promote your post on social media and other platforms to reach a wider audience. Use relevant hashtags and share links to your post to increase its visibility.", "all_data": "*****INSTRUCTION:***** Please provide some tips for writing a good blog post.\n\n*****OUTPUT:***** 1. Choose a topic and audience: Write about something you are passionate about and knowledgeable about. Know your target audience, and identify what they\u2019re looking for when it comes to your subject.\n\n2. Create a strong title: A good title is critical for making sure your blog post gets read. Make it catchy, but also informative and specific so readers know what the post is about.\n\n3. Write an attention-grabbing introduction: A strong introduction will keep readers engaged and encourage them to keep reading. Start with an interesting fact, a question, or a personal story to hook your readers.\n\n4. Use clear and concise language: Make sure your post is easy to read and understand. Avoid using jargon or long, complicated sentences. Break up long paragraphs into shorter ones to make them more readable.\n\n5. Add visuals: Visuals are an excellent way to make your blog post more attractive and engaging. Add images, videos, or infographics to help illustrate your points and keep your readers' attention.\n\n6. Engage with your readers: Responding to comments is a great way to engage with your readers and build a community around your blog. Encourage discussion by asking questions and responding to feedback.\n\n7. Edit and proofread: Carefully edit and proofread your post before publishing it. Errors can detract from your credibility and turn readers off.\n\n8. Promote your post: Finally, make sure to promote your post on social media and other platforms to reach a wider audience. Use relevant hashtags and share links to your post to increase its visibility.\n*****QUESTION:***** If there is an explanation: Does the explanation include illustrative elements (e.g. examples)?", "index": 271}, {"instruction": "Please provide some tips for writing a good blog post.", "input": "", "output": "1. Choose a topic and audience: Write about something you are passionate about and knowledgeable about. Know your target audience, and identify what they\u2019re looking for when it comes to your subject.\n\n2. Create a strong title: A good title is critical for making sure your blog post gets read. Make it catchy, but also informative and specific so readers know what the post is about.\n\n3. Write an attention-grabbing introduction: A strong introduction will keep readers engaged and encourage them to keep reading. Start with an interesting fact, a question, or a personal story to hook your readers.\n\n4. Use clear and concise language: Make sure your post is easy to read and understand. Avoid using jargon or long, complicated sentences. Break up long paragraphs into shorter ones to make them more readable.\n\n5. Add visuals: Visuals are an excellent way to make your blog post more attractive and engaging. Add images, videos, or infographics to help illustrate your points and keep your readers' attention.\n\n6. Engage with your readers: Responding to comments is a great way to engage with your readers and build a community around your blog. Encourage discussion by asking questions and responding to feedback.\n\n7. Edit and proofread: Carefully edit and proofread your post before publishing it. Errors can detract from your credibility and turn readers off.\n\n8. Promote your post: Finally, make sure to promote your post on social media and other platforms to reach a wider audience. Use relevant hashtags and share links to your post to increase its visibility.", "all_data": "*****INSTRUCTION:***** Please provide some tips for writing a good blog post.\n\n*****OUTPUT:***** 1. Choose a topic and audience: Write about something you are passionate about and knowledgeable about. Know your target audience, and identify what they\u2019re looking for when it comes to your subject.\n\n2. Create a strong title: A good title is critical for making sure your blog post gets read. Make it catchy, but also informative and specific so readers know what the post is about.\n\n3. Write an attention-grabbing introduction: A strong introduction will keep readers engaged and encourage them to keep reading. Start with an interesting fact, a question, or a personal story to hook your readers.\n\n4. Use clear and concise language: Make sure your post is easy to read and understand. Avoid using jargon or long, complicated sentences. Break up long paragraphs into shorter ones to make them more readable.\n\n5. Add visuals: Visuals are an excellent way to make your blog post more attractive and engaging. Add images, videos, or infographics to help illustrate your points and keep your readers' attention.\n\n6. Engage with your readers: Responding to comments is a great way to engage with your readers and build a community around your blog. Encourage discussion by asking questions and responding to feedback.\n\n7. Edit and proofread: Carefully edit and proofread your post before publishing it. Errors can detract from your credibility and turn readers off.\n\n8. Promote your post: Finally, make sure to promote your post on social media and other platforms to reach a wider audience. Use relevant hashtags and share links to your post to increase its visibility.\n*****QUESTION:***** If there is an explanation: Is the explanation misleading (e.g. arguing for a label that is wrong)?", "index": 272}, {"instruction": "Generate a list of office supplies that are necessary for a small team of 5 people.", "input": "", "output": "1. Pens\n2. Pencils \n3. Notepads \n4. Sticky Notes \n5. Printer paper \n6. Stapler and staples \n7. Paper clips \n8. Binder clips \n9. Folders \n10. Envelopes and stamps \n11. Toner or ink cartridges for printer \n12. Erasers\n13. Correction fluid or tape \n14. Scissors \n15. Tape dispenser and tape \n16. Highlighters \n17. Markers \n18. Desk organizers \n19. File cabinet or storage boxes \n20. Computer or laptop for each member \n21. Keyboard and mouse for each member \n22. Monitor for each member \n23. Headphones for each member \n24. Desk and chair for each member \n25. Office phone or VoIP service for team communication.", "all_data": "*****INSTRUCTION:***** Generate a list of office supplies that are necessary for a small team of 5 people.\n\n*****OUTPUT:***** 1. Pens\n2. Pencils \n3. Notepads \n4. Sticky Notes \n5. Printer paper \n6. Stapler and staples \n7. Paper clips \n8. Binder clips \n9. Folders \n10. Envelopes and stamps \n11. Toner or ink cartridges for printer \n12. Erasers\n13. Correction fluid or tape \n14. Scissors \n15. Tape dispenser and tape \n16. Highlighters \n17. Markers \n18. Desk organizers \n19. File cabinet or storage boxes \n20. Computer or laptop for each member \n21. Keyboard and mouse for each member \n22. Monitor for each member \n23. Headphones for each member \n24. Desk and chair for each member \n25. Office phone or VoIP service for team communication.\n*****QUESTION:***** Does the output contain an explanation for the prediction?", "index": 273}, {"instruction": "Generate a list of office supplies that are necessary for a small team of 5 people.", "input": "", "output": "1. Pens\n2. Pencils \n3. Notepads \n4. Sticky Notes \n5. Printer paper \n6. Stapler and staples \n7. Paper clips \n8. Binder clips \n9. Folders \n10. Envelopes and stamps \n11. Toner or ink cartridges for printer \n12. Erasers\n13. Correction fluid or tape \n14. Scissors \n15. Tape dispenser and tape \n16. Highlighters \n17. Markers \n18. Desk organizers \n19. File cabinet or storage boxes \n20. Computer or laptop for each member \n21. Keyboard and mouse for each member \n22. Monitor for each member \n23. Headphones for each member \n24. Desk and chair for each member \n25. Office phone or VoIP service for team communication.", "all_data": "*****INSTRUCTION:***** Generate a list of office supplies that are necessary for a small team of 5 people.\n\n*****OUTPUT:***** 1. Pens\n2. Pencils \n3. Notepads \n4. Sticky Notes \n5. Printer paper \n6. Stapler and staples \n7. Paper clips \n8. Binder clips \n9. Folders \n10. Envelopes and stamps \n11. Toner or ink cartridges for printer \n12. Erasers\n13. Correction fluid or tape \n14. Scissors \n15. Tape dispenser and tape \n16. Highlighters \n17. Markers \n18. Desk organizers \n19. File cabinet or storage boxes \n20. Computer or laptop for each member \n21. Keyboard and mouse for each member \n22. Monitor for each member \n23. Headphones for each member \n24. Desk and chair for each member \n25. Office phone or VoIP service for team communication.\n*****QUESTION:***** Would you give an explanation/justify your reasoning if you were asked this question by a friend?", "index": 274}, {"instruction": "Generate a list of office supplies that are necessary for a small team of 5 people.", "input": "", "output": "1. Pens\n2. Pencils \n3. Notepads \n4. Sticky Notes \n5. Printer paper \n6. Stapler and staples \n7. Paper clips \n8. Binder clips \n9. Folders \n10. Envelopes and stamps \n11. Toner or ink cartridges for printer \n12. Erasers\n13. Correction fluid or tape \n14. Scissors \n15. Tape dispenser and tape \n16. Highlighters \n17. Markers \n18. Desk organizers \n19. File cabinet or storage boxes \n20. Computer or laptop for each member \n21. Keyboard and mouse for each member \n22. Monitor for each member \n23. Headphones for each member \n24. Desk and chair for each member \n25. Office phone or VoIP service for team communication.", "all_data": "*****INSTRUCTION:***** Generate a list of office supplies that are necessary for a small team of 5 people.\n\n*****OUTPUT:***** 1. Pens\n2. Pencils \n3. Notepads \n4. Sticky Notes \n5. Printer paper \n6. Stapler and staples \n7. Paper clips \n8. Binder clips \n9. Folders \n10. Envelopes and stamps \n11. Toner or ink cartridges for printer \n12. Erasers\n13. Correction fluid or tape \n14. Scissors \n15. Tape dispenser and tape \n16. Highlighters \n17. Markers \n18. Desk organizers \n19. File cabinet or storage boxes \n20. Computer or laptop for each member \n21. Keyboard and mouse for each member \n22. Monitor for each member \n23. Headphones for each member \n24. Desk and chair for each member \n25. Office phone or VoIP service for team communication.\n*****QUESTION:***** If there is an explanation: Does the explanation refer to commonsense concepts that are taken as given?", "index": 275}, {"instruction": "Generate a list of office supplies that are necessary for a small team of 5 people.", "input": "", "output": "1. Pens\n2. Pencils \n3. Notepads \n4. Sticky Notes \n5. Printer paper \n6. Stapler and staples \n7. Paper clips \n8. Binder clips \n9. Folders \n10. Envelopes and stamps \n11. Toner or ink cartridges for printer \n12. Erasers\n13. Correction fluid or tape \n14. Scissors \n15. Tape dispenser and tape \n16. Highlighters \n17. Markers \n18. Desk organizers \n19. File cabinet or storage boxes \n20. Computer or laptop for each member \n21. Keyboard and mouse for each member \n22. Monitor for each member \n23. Headphones for each member \n24. Desk and chair for each member \n25. Office phone or VoIP service for team communication.", "all_data": "*****INSTRUCTION:***** Generate a list of office supplies that are necessary for a small team of 5 people.\n\n*****OUTPUT:***** 1. Pens\n2. Pencils \n3. Notepads \n4. Sticky Notes \n5. Printer paper \n6. Stapler and staples \n7. Paper clips \n8. Binder clips \n9. Folders \n10. Envelopes and stamps \n11. Toner or ink cartridges for printer \n12. Erasers\n13. Correction fluid or tape \n14. Scissors \n15. Tape dispenser and tape \n16. Highlighters \n17. Markers \n18. Desk organizers \n19. File cabinet or storage boxes \n20. Computer or laptop for each member \n21. Keyboard and mouse for each member \n22. Monitor for each member \n23. Headphones for each member \n24. Desk and chair for each member \n25. Office phone or VoIP service for team communication.\n*****QUESTION:***** If there is an explanation: Does the explanation list contributing factors?", "index": 276}, {"instruction": "Generate a list of office supplies that are necessary for a small team of 5 people.", "input": "", "output": "1. Pens\n2. Pencils \n3. Notepads \n4. Sticky Notes \n5. Printer paper \n6. Stapler and staples \n7. Paper clips \n8. Binder clips \n9. Folders \n10. Envelopes and stamps \n11. Toner or ink cartridges for printer \n12. Erasers\n13. Correction fluid or tape \n14. Scissors \n15. Tape dispenser and tape \n16. Highlighters \n17. Markers \n18. Desk organizers \n19. File cabinet or storage boxes \n20. Computer or laptop for each member \n21. Keyboard and mouse for each member \n22. Monitor for each member \n23. Headphones for each member \n24. Desk and chair for each member \n25. Office phone or VoIP service for team communication.", "all_data": "*****INSTRUCTION:***** Generate a list of office supplies that are necessary for a small team of 5 people.\n\n*****OUTPUT:***** 1. Pens\n2. Pencils \n3. Notepads \n4. Sticky Notes \n5. Printer paper \n6. Stapler and staples \n7. Paper clips \n8. Binder clips \n9. Folders \n10. Envelopes and stamps \n11. Toner or ink cartridges for printer \n12. Erasers\n13. Correction fluid or tape \n14. Scissors \n15. Tape dispenser and tape \n16. Highlighters \n17. Markers \n18. Desk organizers \n19. File cabinet or storage boxes \n20. Computer or laptop for each member \n21. Keyboard and mouse for each member \n22. Monitor for each member \n23. Headphones for each member \n24. Desk and chair for each member \n25. Office phone or VoIP service for team communication.\n*****QUESTION:***** If there is an explanation: Does the explanation include subjective or biased criteria?", "index": 277}, {"instruction": "Generate a list of office supplies that are necessary for a small team of 5 people.", "input": "", "output": "1. Pens\n2. Pencils \n3. Notepads \n4. Sticky Notes \n5. Printer paper \n6. Stapler and staples \n7. Paper clips \n8. Binder clips \n9. Folders \n10. Envelopes and stamps \n11. Toner or ink cartridges for printer \n12. Erasers\n13. Correction fluid or tape \n14. Scissors \n15. Tape dispenser and tape \n16. Highlighters \n17. Markers \n18. Desk organizers \n19. File cabinet or storage boxes \n20. Computer or laptop for each member \n21. Keyboard and mouse for each member \n22. Monitor for each member \n23. Headphones for each member \n24. Desk and chair for each member \n25. Office phone or VoIP service for team communication.", "all_data": "*****INSTRUCTION:***** Generate a list of office supplies that are necessary for a small team of 5 people.\n\n*****OUTPUT:***** 1. Pens\n2. Pencils \n3. Notepads \n4. Sticky Notes \n5. Printer paper \n6. Stapler and staples \n7. Paper clips \n8. Binder clips \n9. Folders \n10. Envelopes and stamps \n11. Toner or ink cartridges for printer \n12. Erasers\n13. Correction fluid or tape \n14. Scissors \n15. Tape dispenser and tape \n16. Highlighters \n17. Markers \n18. Desk organizers \n19. File cabinet or storage boxes \n20. Computer or laptop for each member \n21. Keyboard and mouse for each member \n22. Monitor for each member \n23. Headphones for each member \n24. Desk and chair for each member \n25. Office phone or VoIP service for team communication.\n*****QUESTION:***** If there is an explanation: Does the explanation include illustrative elements (e.g. examples)?", "index": 278}, {"instruction": "Generate a list of office supplies that are necessary for a small team of 5 people.", "input": "", "output": "1. Pens\n2. Pencils \n3. Notepads \n4. Sticky Notes \n5. Printer paper \n6. Stapler and staples \n7. Paper clips \n8. Binder clips \n9. Folders \n10. Envelopes and stamps \n11. Toner or ink cartridges for printer \n12. Erasers\n13. Correction fluid or tape \n14. Scissors \n15. Tape dispenser and tape \n16. Highlighters \n17. Markers \n18. Desk organizers \n19. File cabinet or storage boxes \n20. Computer or laptop for each member \n21. Keyboard and mouse for each member \n22. Monitor for each member \n23. Headphones for each member \n24. Desk and chair for each member \n25. Office phone or VoIP service for team communication.", "all_data": "*****INSTRUCTION:***** Generate a list of office supplies that are necessary for a small team of 5 people.\n\n*****OUTPUT:***** 1. Pens\n2. Pencils \n3. Notepads \n4. Sticky Notes \n5. Printer paper \n6. Stapler and staples \n7. Paper clips \n8. Binder clips \n9. Folders \n10. Envelopes and stamps \n11. Toner or ink cartridges for printer \n12. Erasers\n13. Correction fluid or tape \n14. Scissors \n15. Tape dispenser and tape \n16. Highlighters \n17. Markers \n18. Desk organizers \n19. File cabinet or storage boxes \n20. Computer or laptop for each member \n21. Keyboard and mouse for each member \n22. Monitor for each member \n23. Headphones for each member \n24. Desk and chair for each member \n25. Office phone or VoIP service for team communication.\n*****QUESTION:***** If there is an explanation: Is the explanation misleading (e.g. arguing for a label that is wrong)?", "index": 279}, {"instruction": "Assign a truth value (true or false) to the following statement:\n\nMoney cannot buy happiness.", "input": "", "output": "False. \n\nThe statement \"Money cannot buy happiness\" is a subjective opinion that is often expressed, but it is not an objective or universal truth. There is considerable debate and research around the role that money plays in happiness. Some studies suggest that, up to a certain point, an increase in income does correlate with an increase in reported well-being, while others suggest that it is not money itself, but the way it is spent that can influence happiness levels. Ultimately, happiness is a complex and subjective state influenced by numerous factors such as personal circumstances, outlook, relationships and health, and it is not solely determined by one's financial situation.", "all_data": "*****INSTRUCTION:***** Assign a truth value (true or false) to the following statement:\n\nMoney cannot buy happiness.\n\n*****OUTPUT:***** False. \n\nThe statement \"Money cannot buy happiness\" is a subjective opinion that is often expressed, but it is not an objective or universal truth. There is considerable debate and research around the role that money plays in happiness. Some studies suggest that, up to a certain point, an increase in income does correlate with an increase in reported well-being, while others suggest that it is not money itself, but the way it is spent that can influence happiness levels. Ultimately, happiness is a complex and subjective state influenced by numerous factors such as personal circumstances, outlook, relationships and health, and it is not solely determined by one's financial situation.\n*****QUESTION:***** Does the output contain an explanation for the prediction?", "index": 280}, {"instruction": "Assign a truth value (true or false) to the following statement:\n\nMoney cannot buy happiness.", "input": "", "output": "False. \n\nThe statement \"Money cannot buy happiness\" is a subjective opinion that is often expressed, but it is not an objective or universal truth. There is considerable debate and research around the role that money plays in happiness. Some studies suggest that, up to a certain point, an increase in income does correlate with an increase in reported well-being, while others suggest that it is not money itself, but the way it is spent that can influence happiness levels. Ultimately, happiness is a complex and subjective state influenced by numerous factors such as personal circumstances, outlook, relationships and health, and it is not solely determined by one's financial situation.", "all_data": "*****INSTRUCTION:***** Assign a truth value (true or false) to the following statement:\n\nMoney cannot buy happiness.\n\n*****OUTPUT:***** False. \n\nThe statement \"Money cannot buy happiness\" is a subjective opinion that is often expressed, but it is not an objective or universal truth. There is considerable debate and research around the role that money plays in happiness. Some studies suggest that, up to a certain point, an increase in income does correlate with an increase in reported well-being, while others suggest that it is not money itself, but the way it is spent that can influence happiness levels. Ultimately, happiness is a complex and subjective state influenced by numerous factors such as personal circumstances, outlook, relationships and health, and it is not solely determined by one's financial situation.\n*****QUESTION:***** Would you give an explanation/justify your reasoning if you were asked this question by a friend?", "index": 281}, {"instruction": "Assign a truth value (true or false) to the following statement:\n\nMoney cannot buy happiness.", "input": "", "output": "False. \n\nThe statement \"Money cannot buy happiness\" is a subjective opinion that is often expressed, but it is not an objective or universal truth. There is considerable debate and research around the role that money plays in happiness. Some studies suggest that, up to a certain point, an increase in income does correlate with an increase in reported well-being, while others suggest that it is not money itself, but the way it is spent that can influence happiness levels. Ultimately, happiness is a complex and subjective state influenced by numerous factors such as personal circumstances, outlook, relationships and health, and it is not solely determined by one's financial situation.", "all_data": "*****INSTRUCTION:***** Assign a truth value (true or false) to the following statement:\n\nMoney cannot buy happiness.\n\n*****OUTPUT:***** False. \n\nThe statement \"Money cannot buy happiness\" is a subjective opinion that is often expressed, but it is not an objective or universal truth. There is considerable debate and research around the role that money plays in happiness. Some studies suggest that, up to a certain point, an increase in income does correlate with an increase in reported well-being, while others suggest that it is not money itself, but the way it is spent that can influence happiness levels. Ultimately, happiness is a complex and subjective state influenced by numerous factors such as personal circumstances, outlook, relationships and health, and it is not solely determined by one's financial situation.\n*****QUESTION:***** If there is an explanation: Does the explanation refer to commonsense concepts that are taken as given?", "index": 282}, {"instruction": "Assign a truth value (true or false) to the following statement:\n\nMoney cannot buy happiness.", "input": "", "output": "False. \n\nThe statement \"Money cannot buy happiness\" is a subjective opinion that is often expressed, but it is not an objective or universal truth. There is considerable debate and research around the role that money plays in happiness. Some studies suggest that, up to a certain point, an increase in income does correlate with an increase in reported well-being, while others suggest that it is not money itself, but the way it is spent that can influence happiness levels. Ultimately, happiness is a complex and subjective state influenced by numerous factors such as personal circumstances, outlook, relationships and health, and it is not solely determined by one's financial situation.", "all_data": "*****INSTRUCTION:***** Assign a truth value (true or false) to the following statement:\n\nMoney cannot buy happiness.\n\n*****OUTPUT:***** False. \n\nThe statement \"Money cannot buy happiness\" is a subjective opinion that is often expressed, but it is not an objective or universal truth. There is considerable debate and research around the role that money plays in happiness. Some studies suggest that, up to a certain point, an increase in income does correlate with an increase in reported well-being, while others suggest that it is not money itself, but the way it is spent that can influence happiness levels. Ultimately, happiness is a complex and subjective state influenced by numerous factors such as personal circumstances, outlook, relationships and health, and it is not solely determined by one's financial situation.\n*****QUESTION:***** If there is an explanation: Does the explanation list contributing factors?", "index": 283}, {"instruction": "Assign a truth value (true or false) to the following statement:\n\nMoney cannot buy happiness.", "input": "", "output": "False. \n\nThe statement \"Money cannot buy happiness\" is a subjective opinion that is often expressed, but it is not an objective or universal truth. There is considerable debate and research around the role that money plays in happiness. Some studies suggest that, up to a certain point, an increase in income does correlate with an increase in reported well-being, while others suggest that it is not money itself, but the way it is spent that can influence happiness levels. Ultimately, happiness is a complex and subjective state influenced by numerous factors such as personal circumstances, outlook, relationships and health, and it is not solely determined by one's financial situation.", "all_data": "*****INSTRUCTION:***** Assign a truth value (true or false) to the following statement:\n\nMoney cannot buy happiness.\n\n*****OUTPUT:***** False. \n\nThe statement \"Money cannot buy happiness\" is a subjective opinion that is often expressed, but it is not an objective or universal truth. There is considerable debate and research around the role that money plays in happiness. Some studies suggest that, up to a certain point, an increase in income does correlate with an increase in reported well-being, while others suggest that it is not money itself, but the way it is spent that can influence happiness levels. Ultimately, happiness is a complex and subjective state influenced by numerous factors such as personal circumstances, outlook, relationships and health, and it is not solely determined by one's financial situation.\n*****QUESTION:***** If there is an explanation: Does the explanation include subjective or biased criteria?", "index": 284}, {"instruction": "Assign a truth value (true or false) to the following statement:\n\nMoney cannot buy happiness.", "input": "", "output": "False. \n\nThe statement \"Money cannot buy happiness\" is a subjective opinion that is often expressed, but it is not an objective or universal truth. There is considerable debate and research around the role that money plays in happiness. Some studies suggest that, up to a certain point, an increase in income does correlate with an increase in reported well-being, while others suggest that it is not money itself, but the way it is spent that can influence happiness levels. Ultimately, happiness is a complex and subjective state influenced by numerous factors such as personal circumstances, outlook, relationships and health, and it is not solely determined by one's financial situation.", "all_data": "*****INSTRUCTION:***** Assign a truth value (true or false) to the following statement:\n\nMoney cannot buy happiness.\n\n*****OUTPUT:***** False. \n\nThe statement \"Money cannot buy happiness\" is a subjective opinion that is often expressed, but it is not an objective or universal truth. There is considerable debate and research around the role that money plays in happiness. Some studies suggest that, up to a certain point, an increase in income does correlate with an increase in reported well-being, while others suggest that it is not money itself, but the way it is spent that can influence happiness levels. Ultimately, happiness is a complex and subjective state influenced by numerous factors such as personal circumstances, outlook, relationships and health, and it is not solely determined by one's financial situation.\n*****QUESTION:***** If there is an explanation: Does the explanation include illustrative elements (e.g. examples)?", "index": 285}, {"instruction": "Assign a truth value (true or false) to the following statement:\n\nMoney cannot buy happiness.", "input": "", "output": "False. \n\nThe statement \"Money cannot buy happiness\" is a subjective opinion that is often expressed, but it is not an objective or universal truth. There is considerable debate and research around the role that money plays in happiness. Some studies suggest that, up to a certain point, an increase in income does correlate with an increase in reported well-being, while others suggest that it is not money itself, but the way it is spent that can influence happiness levels. Ultimately, happiness is a complex and subjective state influenced by numerous factors such as personal circumstances, outlook, relationships and health, and it is not solely determined by one's financial situation.", "all_data": "*****INSTRUCTION:***** Assign a truth value (true or false) to the following statement:\n\nMoney cannot buy happiness.\n\n*****OUTPUT:***** False. \n\nThe statement \"Money cannot buy happiness\" is a subjective opinion that is often expressed, but it is not an objective or universal truth. There is considerable debate and research around the role that money plays in happiness. Some studies suggest that, up to a certain point, an increase in income does correlate with an increase in reported well-being, while others suggest that it is not money itself, but the way it is spent that can influence happiness levels. Ultimately, happiness is a complex and subjective state influenced by numerous factors such as personal circumstances, outlook, relationships and health, and it is not solely determined by one's financial situation.\n*****QUESTION:***** If there is an explanation: Is the explanation misleading (e.g. arguing for a label that is wrong)?", "index": 286}, {"instruction": "Identify 3 people who have made significant contributions to the field of robotics", "input": "", "output": "1. Masahiro Mori: Masahiro Mori is a Japanese roboticist and researcher, widely known for his pioneering work in robotics and human-robot interaction. He is most famous for creating the concept of the \"uncanny valley,\" which describes the discomfort people feel when a robot or animation looks and moves almost, but not exactly, like a natural human being. \n\n2. Rodney Brooks: Rodney Brooks is an Australian roboticist and computer programmer, recognized for his pioneering work in autonomous robots and artificial intelligence. He is the co-founder of iRobot Corp., which is the maker of the Roomba vacuum cleaning robot. Brooks also served as the director of the MIT Computer Science and Artificial Intelligence Laboratory, and is known for his influential work in behavior-based robotics.\n\n3. Cynthia Breazeal: Cynthia Breazeal is an American roboticist and professor, widely known for her work in social robotics and human-robot interaction. She is the director of the Personal Robots Group at the MIT Media Lab, where she created the world's first social robot, Kismet, in 1997. Breazeal's work focuses on developing robots that can communicate and interact with people in a more human-like way, and she has received numerous awards for her research in this field.", "all_data": "*****INSTRUCTION:***** Identify 3 people who have made significant contributions to the field of robotics\n\n*****OUTPUT:***** 1. Masahiro Mori: Masahiro Mori is a Japanese roboticist and researcher, widely known for his pioneering work in robotics and human-robot interaction. He is most famous for creating the concept of the \"uncanny valley,\" which describes the discomfort people feel when a robot or animation looks and moves almost, but not exactly, like a natural human being. \n\n2. Rodney Brooks: Rodney Brooks is an Australian roboticist and computer programmer, recognized for his pioneering work in autonomous robots and artificial intelligence. He is the co-founder of iRobot Corp., which is the maker of the Roomba vacuum cleaning robot. Brooks also served as the director of the MIT Computer Science and Artificial Intelligence Laboratory, and is known for his influential work in behavior-based robotics.\n\n3. Cynthia Breazeal: Cynthia Breazeal is an American roboticist and professor, widely known for her work in social robotics and human-robot interaction. She is the director of the Personal Robots Group at the MIT Media Lab, where she created the world's first social robot, Kismet, in 1997. Breazeal's work focuses on developing robots that can communicate and interact with people in a more human-like way, and she has received numerous awards for her research in this field.\n*****QUESTION:***** Does the output contain an explanation for the prediction?", "index": 287}, {"instruction": "Identify 3 people who have made significant contributions to the field of robotics", "input": "", "output": "1. Masahiro Mori: Masahiro Mori is a Japanese roboticist and researcher, widely known for his pioneering work in robotics and human-robot interaction. He is most famous for creating the concept of the \"uncanny valley,\" which describes the discomfort people feel when a robot or animation looks and moves almost, but not exactly, like a natural human being. \n\n2. Rodney Brooks: Rodney Brooks is an Australian roboticist and computer programmer, recognized for his pioneering work in autonomous robots and artificial intelligence. He is the co-founder of iRobot Corp., which is the maker of the Roomba vacuum cleaning robot. Brooks also served as the director of the MIT Computer Science and Artificial Intelligence Laboratory, and is known for his influential work in behavior-based robotics.\n\n3. Cynthia Breazeal: Cynthia Breazeal is an American roboticist and professor, widely known for her work in social robotics and human-robot interaction. She is the director of the Personal Robots Group at the MIT Media Lab, where she created the world's first social robot, Kismet, in 1997. Breazeal's work focuses on developing robots that can communicate and interact with people in a more human-like way, and she has received numerous awards for her research in this field.", "all_data": "*****INSTRUCTION:***** Identify 3 people who have made significant contributions to the field of robotics\n\n*****OUTPUT:***** 1. Masahiro Mori: Masahiro Mori is a Japanese roboticist and researcher, widely known for his pioneering work in robotics and human-robot interaction. He is most famous for creating the concept of the \"uncanny valley,\" which describes the discomfort people feel when a robot or animation looks and moves almost, but not exactly, like a natural human being. \n\n2. Rodney Brooks: Rodney Brooks is an Australian roboticist and computer programmer, recognized for his pioneering work in autonomous robots and artificial intelligence. He is the co-founder of iRobot Corp., which is the maker of the Roomba vacuum cleaning robot. Brooks also served as the director of the MIT Computer Science and Artificial Intelligence Laboratory, and is known for his influential work in behavior-based robotics.\n\n3. Cynthia Breazeal: Cynthia Breazeal is an American roboticist and professor, widely known for her work in social robotics and human-robot interaction. She is the director of the Personal Robots Group at the MIT Media Lab, where she created the world's first social robot, Kismet, in 1997. Breazeal's work focuses on developing robots that can communicate and interact with people in a more human-like way, and she has received numerous awards for her research in this field.\n*****QUESTION:***** Would you give an explanation/justify your reasoning if you were asked this question by a friend?", "index": 288}, {"instruction": "Identify 3 people who have made significant contributions to the field of robotics", "input": "", "output": "1. Masahiro Mori: Masahiro Mori is a Japanese roboticist and researcher, widely known for his pioneering work in robotics and human-robot interaction. He is most famous for creating the concept of the \"uncanny valley,\" which describes the discomfort people feel when a robot or animation looks and moves almost, but not exactly, like a natural human being. \n\n2. Rodney Brooks: Rodney Brooks is an Australian roboticist and computer programmer, recognized for his pioneering work in autonomous robots and artificial intelligence. He is the co-founder of iRobot Corp., which is the maker of the Roomba vacuum cleaning robot. Brooks also served as the director of the MIT Computer Science and Artificial Intelligence Laboratory, and is known for his influential work in behavior-based robotics.\n\n3. Cynthia Breazeal: Cynthia Breazeal is an American roboticist and professor, widely known for her work in social robotics and human-robot interaction. She is the director of the Personal Robots Group at the MIT Media Lab, where she created the world's first social robot, Kismet, in 1997. Breazeal's work focuses on developing robots that can communicate and interact with people in a more human-like way, and she has received numerous awards for her research in this field.", "all_data": "*****INSTRUCTION:***** Identify 3 people who have made significant contributions to the field of robotics\n\n*****OUTPUT:***** 1. Masahiro Mori: Masahiro Mori is a Japanese roboticist and researcher, widely known for his pioneering work in robotics and human-robot interaction. He is most famous for creating the concept of the \"uncanny valley,\" which describes the discomfort people feel when a robot or animation looks and moves almost, but not exactly, like a natural human being. \n\n2. Rodney Brooks: Rodney Brooks is an Australian roboticist and computer programmer, recognized for his pioneering work in autonomous robots and artificial intelligence. He is the co-founder of iRobot Corp., which is the maker of the Roomba vacuum cleaning robot. Brooks also served as the director of the MIT Computer Science and Artificial Intelligence Laboratory, and is known for his influential work in behavior-based robotics.\n\n3. Cynthia Breazeal: Cynthia Breazeal is an American roboticist and professor, widely known for her work in social robotics and human-robot interaction. She is the director of the Personal Robots Group at the MIT Media Lab, where she created the world's first social robot, Kismet, in 1997. Breazeal's work focuses on developing robots that can communicate and interact with people in a more human-like way, and she has received numerous awards for her research in this field.\n*****QUESTION:***** If there is an explanation: Does the explanation refer to commonsense concepts that are taken as given?", "index": 289}, {"instruction": "Identify 3 people who have made significant contributions to the field of robotics", "input": "", "output": "1. Masahiro Mori: Masahiro Mori is a Japanese roboticist and researcher, widely known for his pioneering work in robotics and human-robot interaction. He is most famous for creating the concept of the \"uncanny valley,\" which describes the discomfort people feel when a robot or animation looks and moves almost, but not exactly, like a natural human being. \n\n2. Rodney Brooks: Rodney Brooks is an Australian roboticist and computer programmer, recognized for his pioneering work in autonomous robots and artificial intelligence. He is the co-founder of iRobot Corp., which is the maker of the Roomba vacuum cleaning robot. Brooks also served as the director of the MIT Computer Science and Artificial Intelligence Laboratory, and is known for his influential work in behavior-based robotics.\n\n3. Cynthia Breazeal: Cynthia Breazeal is an American roboticist and professor, widely known for her work in social robotics and human-robot interaction. She is the director of the Personal Robots Group at the MIT Media Lab, where she created the world's first social robot, Kismet, in 1997. Breazeal's work focuses on developing robots that can communicate and interact with people in a more human-like way, and she has received numerous awards for her research in this field.", "all_data": "*****INSTRUCTION:***** Identify 3 people who have made significant contributions to the field of robotics\n\n*****OUTPUT:***** 1. Masahiro Mori: Masahiro Mori is a Japanese roboticist and researcher, widely known for his pioneering work in robotics and human-robot interaction. He is most famous for creating the concept of the \"uncanny valley,\" which describes the discomfort people feel when a robot or animation looks and moves almost, but not exactly, like a natural human being. \n\n2. Rodney Brooks: Rodney Brooks is an Australian roboticist and computer programmer, recognized for his pioneering work in autonomous robots and artificial intelligence. He is the co-founder of iRobot Corp., which is the maker of the Roomba vacuum cleaning robot. Brooks also served as the director of the MIT Computer Science and Artificial Intelligence Laboratory, and is known for his influential work in behavior-based robotics.\n\n3. Cynthia Breazeal: Cynthia Breazeal is an American roboticist and professor, widely known for her work in social robotics and human-robot interaction. She is the director of the Personal Robots Group at the MIT Media Lab, where she created the world's first social robot, Kismet, in 1997. Breazeal's work focuses on developing robots that can communicate and interact with people in a more human-like way, and she has received numerous awards for her research in this field.\n*****QUESTION:***** If there is an explanation: Does the explanation list contributing factors?", "index": 290}, {"instruction": "Identify 3 people who have made significant contributions to the field of robotics", "input": "", "output": "1. Masahiro Mori: Masahiro Mori is a Japanese roboticist and researcher, widely known for his pioneering work in robotics and human-robot interaction. He is most famous for creating the concept of the \"uncanny valley,\" which describes the discomfort people feel when a robot or animation looks and moves almost, but not exactly, like a natural human being. \n\n2. Rodney Brooks: Rodney Brooks is an Australian roboticist and computer programmer, recognized for his pioneering work in autonomous robots and artificial intelligence. He is the co-founder of iRobot Corp., which is the maker of the Roomba vacuum cleaning robot. Brooks also served as the director of the MIT Computer Science and Artificial Intelligence Laboratory, and is known for his influential work in behavior-based robotics.\n\n3. Cynthia Breazeal: Cynthia Breazeal is an American roboticist and professor, widely known for her work in social robotics and human-robot interaction. She is the director of the Personal Robots Group at the MIT Media Lab, where she created the world's first social robot, Kismet, in 1997. Breazeal's work focuses on developing robots that can communicate and interact with people in a more human-like way, and she has received numerous awards for her research in this field.", "all_data": "*****INSTRUCTION:***** Identify 3 people who have made significant contributions to the field of robotics\n\n*****OUTPUT:***** 1. Masahiro Mori: Masahiro Mori is a Japanese roboticist and researcher, widely known for his pioneering work in robotics and human-robot interaction. He is most famous for creating the concept of the \"uncanny valley,\" which describes the discomfort people feel when a robot or animation looks and moves almost, but not exactly, like a natural human being. \n\n2. Rodney Brooks: Rodney Brooks is an Australian roboticist and computer programmer, recognized for his pioneering work in autonomous robots and artificial intelligence. He is the co-founder of iRobot Corp., which is the maker of the Roomba vacuum cleaning robot. Brooks also served as the director of the MIT Computer Science and Artificial Intelligence Laboratory, and is known for his influential work in behavior-based robotics.\n\n3. Cynthia Breazeal: Cynthia Breazeal is an American roboticist and professor, widely known for her work in social robotics and human-robot interaction. She is the director of the Personal Robots Group at the MIT Media Lab, where she created the world's first social robot, Kismet, in 1997. Breazeal's work focuses on developing robots that can communicate and interact with people in a more human-like way, and she has received numerous awards for her research in this field.\n*****QUESTION:***** If there is an explanation: Does the explanation include subjective or biased criteria?", "index": 291}, {"instruction": "Identify 3 people who have made significant contributions to the field of robotics", "input": "", "output": "1. Masahiro Mori: Masahiro Mori is a Japanese roboticist and researcher, widely known for his pioneering work in robotics and human-robot interaction. He is most famous for creating the concept of the \"uncanny valley,\" which describes the discomfort people feel when a robot or animation looks and moves almost, but not exactly, like a natural human being. \n\n2. Rodney Brooks: Rodney Brooks is an Australian roboticist and computer programmer, recognized for his pioneering work in autonomous robots and artificial intelligence. He is the co-founder of iRobot Corp., which is the maker of the Roomba vacuum cleaning robot. Brooks also served as the director of the MIT Computer Science and Artificial Intelligence Laboratory, and is known for his influential work in behavior-based robotics.\n\n3. Cynthia Breazeal: Cynthia Breazeal is an American roboticist and professor, widely known for her work in social robotics and human-robot interaction. She is the director of the Personal Robots Group at the MIT Media Lab, where she created the world's first social robot, Kismet, in 1997. Breazeal's work focuses on developing robots that can communicate and interact with people in a more human-like way, and she has received numerous awards for her research in this field.", "all_data": "*****INSTRUCTION:***** Identify 3 people who have made significant contributions to the field of robotics\n\n*****OUTPUT:***** 1. Masahiro Mori: Masahiro Mori is a Japanese roboticist and researcher, widely known for his pioneering work in robotics and human-robot interaction. He is most famous for creating the concept of the \"uncanny valley,\" which describes the discomfort people feel when a robot or animation looks and moves almost, but not exactly, like a natural human being. \n\n2. Rodney Brooks: Rodney Brooks is an Australian roboticist and computer programmer, recognized for his pioneering work in autonomous robots and artificial intelligence. He is the co-founder of iRobot Corp., which is the maker of the Roomba vacuum cleaning robot. Brooks also served as the director of the MIT Computer Science and Artificial Intelligence Laboratory, and is known for his influential work in behavior-based robotics.\n\n3. Cynthia Breazeal: Cynthia Breazeal is an American roboticist and professor, widely known for her work in social robotics and human-robot interaction. She is the director of the Personal Robots Group at the MIT Media Lab, where she created the world's first social robot, Kismet, in 1997. Breazeal's work focuses on developing robots that can communicate and interact with people in a more human-like way, and she has received numerous awards for her research in this field.\n*****QUESTION:***** If there is an explanation: Does the explanation include illustrative elements (e.g. examples)?", "index": 292}, {"instruction": "Identify 3 people who have made significant contributions to the field of robotics", "input": "", "output": "1. Masahiro Mori: Masahiro Mori is a Japanese roboticist and researcher, widely known for his pioneering work in robotics and human-robot interaction. He is most famous for creating the concept of the \"uncanny valley,\" which describes the discomfort people feel when a robot or animation looks and moves almost, but not exactly, like a natural human being. \n\n2. Rodney Brooks: Rodney Brooks is an Australian roboticist and computer programmer, recognized for his pioneering work in autonomous robots and artificial intelligence. He is the co-founder of iRobot Corp., which is the maker of the Roomba vacuum cleaning robot. Brooks also served as the director of the MIT Computer Science and Artificial Intelligence Laboratory, and is known for his influential work in behavior-based robotics.\n\n3. Cynthia Breazeal: Cynthia Breazeal is an American roboticist and professor, widely known for her work in social robotics and human-robot interaction. She is the director of the Personal Robots Group at the MIT Media Lab, where she created the world's first social robot, Kismet, in 1997. Breazeal's work focuses on developing robots that can communicate and interact with people in a more human-like way, and she has received numerous awards for her research in this field.", "all_data": "*****INSTRUCTION:***** Identify 3 people who have made significant contributions to the field of robotics\n\n*****OUTPUT:***** 1. Masahiro Mori: Masahiro Mori is a Japanese roboticist and researcher, widely known for his pioneering work in robotics and human-robot interaction. He is most famous for creating the concept of the \"uncanny valley,\" which describes the discomfort people feel when a robot or animation looks and moves almost, but not exactly, like a natural human being. \n\n2. Rodney Brooks: Rodney Brooks is an Australian roboticist and computer programmer, recognized for his pioneering work in autonomous robots and artificial intelligence. He is the co-founder of iRobot Corp., which is the maker of the Roomba vacuum cleaning robot. Brooks also served as the director of the MIT Computer Science and Artificial Intelligence Laboratory, and is known for his influential work in behavior-based robotics.\n\n3. Cynthia Breazeal: Cynthia Breazeal is an American roboticist and professor, widely known for her work in social robotics and human-robot interaction. She is the director of the Personal Robots Group at the MIT Media Lab, where she created the world's first social robot, Kismet, in 1997. Breazeal's work focuses on developing robots that can communicate and interact with people in a more human-like way, and she has received numerous awards for her research in this field.\n*****QUESTION:***** If there is an explanation: Is the explanation misleading (e.g. arguing for a label that is wrong)?", "index": 293}, {"instruction": "Describe a possible cause of the given symptom.", "input": "Migraine", "output": "Migraine is a common health condition, and its exact cause is not fully understood. However, various triggers have been identified that may lead to the onset of a migraine. Some people may experience migraines as a result of changes in the levels of certain chemicals in the brain, particularly serotonin. Additionally, genetics may also play a role in an individual's likelihood of experiencing migraines. Common triggers of migraines include hormonal changes, stress, bright or flickering lights, certain foods or drinks, changes in sleep patterns, and physical exertion.", "all_data": "*****INSTRUCTION:***** Describe a possible cause of the given symptom.\nMigraine\n*****OUTPUT:***** Migraine is a common health condition, and its exact cause is not fully understood. However, various triggers have been identified that may lead to the onset of a migraine. Some people may experience migraines as a result of changes in the levels of certain chemicals in the brain, particularly serotonin. Additionally, genetics may also play a role in an individual's likelihood of experiencing migraines. Common triggers of migraines include hormonal changes, stress, bright or flickering lights, certain foods or drinks, changes in sleep patterns, and physical exertion.\n*****QUESTION:***** Does the output contain an explanation for the prediction?", "index": 294}, {"instruction": "Describe a possible cause of the given symptom.", "input": "Migraine", "output": "Migraine is a common health condition, and its exact cause is not fully understood. However, various triggers have been identified that may lead to the onset of a migraine. Some people may experience migraines as a result of changes in the levels of certain chemicals in the brain, particularly serotonin. Additionally, genetics may also play a role in an individual's likelihood of experiencing migraines. Common triggers of migraines include hormonal changes, stress, bright or flickering lights, certain foods or drinks, changes in sleep patterns, and physical exertion.", "all_data": "*****INSTRUCTION:***** Describe a possible cause of the given symptom.\nMigraine\n*****OUTPUT:***** Migraine is a common health condition, and its exact cause is not fully understood. However, various triggers have been identified that may lead to the onset of a migraine. Some people may experience migraines as a result of changes in the levels of certain chemicals in the brain, particularly serotonin. Additionally, genetics may also play a role in an individual's likelihood of experiencing migraines. Common triggers of migraines include hormonal changes, stress, bright or flickering lights, certain foods or drinks, changes in sleep patterns, and physical exertion.\n*****QUESTION:***** Would you give an explanation/justify your reasoning if you were asked this question by a friend?", "index": 295}, {"instruction": "Describe a possible cause of the given symptom.", "input": "Migraine", "output": "Migraine is a common health condition, and its exact cause is not fully understood. However, various triggers have been identified that may lead to the onset of a migraine. Some people may experience migraines as a result of changes in the levels of certain chemicals in the brain, particularly serotonin. Additionally, genetics may also play a role in an individual's likelihood of experiencing migraines. Common triggers of migraines include hormonal changes, stress, bright or flickering lights, certain foods or drinks, changes in sleep patterns, and physical exertion.", "all_data": "*****INSTRUCTION:***** Describe a possible cause of the given symptom.\nMigraine\n*****OUTPUT:***** Migraine is a common health condition, and its exact cause is not fully understood. However, various triggers have been identified that may lead to the onset of a migraine. Some people may experience migraines as a result of changes in the levels of certain chemicals in the brain, particularly serotonin. Additionally, genetics may also play a role in an individual's likelihood of experiencing migraines. Common triggers of migraines include hormonal changes, stress, bright or flickering lights, certain foods or drinks, changes in sleep patterns, and physical exertion.\n*****QUESTION:***** If there is an explanation: Does the explanation refer to commonsense concepts that are taken as given?", "index": 296}, {"instruction": "Describe a possible cause of the given symptom.", "input": "Migraine", "output": "Migraine is a common health condition, and its exact cause is not fully understood. However, various triggers have been identified that may lead to the onset of a migraine. Some people may experience migraines as a result of changes in the levels of certain chemicals in the brain, particularly serotonin. Additionally, genetics may also play a role in an individual's likelihood of experiencing migraines. Common triggers of migraines include hormonal changes, stress, bright or flickering lights, certain foods or drinks, changes in sleep patterns, and physical exertion.", "all_data": "*****INSTRUCTION:***** Describe a possible cause of the given symptom.\nMigraine\n*****OUTPUT:***** Migraine is a common health condition, and its exact cause is not fully understood. However, various triggers have been identified that may lead to the onset of a migraine. Some people may experience migraines as a result of changes in the levels of certain chemicals in the brain, particularly serotonin. Additionally, genetics may also play a role in an individual's likelihood of experiencing migraines. Common triggers of migraines include hormonal changes, stress, bright or flickering lights, certain foods or drinks, changes in sleep patterns, and physical exertion.\n*****QUESTION:***** If there is an explanation: Does the explanation list contributing factors?", "index": 297}, {"instruction": "Describe a possible cause of the given symptom.", "input": "Migraine", "output": "Migraine is a common health condition, and its exact cause is not fully understood. However, various triggers have been identified that may lead to the onset of a migraine. Some people may experience migraines as a result of changes in the levels of certain chemicals in the brain, particularly serotonin. Additionally, genetics may also play a role in an individual's likelihood of experiencing migraines. Common triggers of migraines include hormonal changes, stress, bright or flickering lights, certain foods or drinks, changes in sleep patterns, and physical exertion.", "all_data": "*****INSTRUCTION:***** Describe a possible cause of the given symptom.\nMigraine\n*****OUTPUT:***** Migraine is a common health condition, and its exact cause is not fully understood. However, various triggers have been identified that may lead to the onset of a migraine. Some people may experience migraines as a result of changes in the levels of certain chemicals in the brain, particularly serotonin. Additionally, genetics may also play a role in an individual's likelihood of experiencing migraines. Common triggers of migraines include hormonal changes, stress, bright or flickering lights, certain foods or drinks, changes in sleep patterns, and physical exertion.\n*****QUESTION:***** If there is an explanation: Does the explanation include subjective or biased criteria?", "index": 298}, {"instruction": "Describe a possible cause of the given symptom.", "input": "Migraine", "output": "Migraine is a common health condition, and its exact cause is not fully understood. However, various triggers have been identified that may lead to the onset of a migraine. Some people may experience migraines as a result of changes in the levels of certain chemicals in the brain, particularly serotonin. Additionally, genetics may also play a role in an individual's likelihood of experiencing migraines. Common triggers of migraines include hormonal changes, stress, bright or flickering lights, certain foods or drinks, changes in sleep patterns, and physical exertion.", "all_data": "*****INSTRUCTION:***** Describe a possible cause of the given symptom.\nMigraine\n*****OUTPUT:***** Migraine is a common health condition, and its exact cause is not fully understood. However, various triggers have been identified that may lead to the onset of a migraine. Some people may experience migraines as a result of changes in the levels of certain chemicals in the brain, particularly serotonin. Additionally, genetics may also play a role in an individual's likelihood of experiencing migraines. Common triggers of migraines include hormonal changes, stress, bright or flickering lights, certain foods or drinks, changes in sleep patterns, and physical exertion.\n*****QUESTION:***** If there is an explanation: Does the explanation include illustrative elements (e.g. examples)?", "index": 299}, {"instruction": "Describe a possible cause of the given symptom.", "input": "Migraine", "output": "Migraine is a common health condition, and its exact cause is not fully understood. However, various triggers have been identified that may lead to the onset of a migraine. Some people may experience migraines as a result of changes in the levels of certain chemicals in the brain, particularly serotonin. Additionally, genetics may also play a role in an individual's likelihood of experiencing migraines. Common triggers of migraines include hormonal changes, stress, bright or flickering lights, certain foods or drinks, changes in sleep patterns, and physical exertion.", "all_data": "*****INSTRUCTION:***** Describe a possible cause of the given symptom.\nMigraine\n*****OUTPUT:***** Migraine is a common health condition, and its exact cause is not fully understood. However, various triggers have been identified that may lead to the onset of a migraine. Some people may experience migraines as a result of changes in the levels of certain chemicals in the brain, particularly serotonin. Additionally, genetics may also play a role in an individual's likelihood of experiencing migraines. Common triggers of migraines include hormonal changes, stress, bright or flickering lights, certain foods or drinks, changes in sleep patterns, and physical exertion.\n*****QUESTION:***** If there is an explanation: Is the explanation misleading (e.g. arguing for a label that is wrong)?", "index": 300}, {"instruction": "Provide two strategies for reducing student debt.", "input": "", "output": "1. Budgeting and Financial Management: One strategy to reduce student debt is by developing good budgeting and financial management skills. This means creating a budget and sticking to it, keeping track of expenses, and being mindful of spending habits. Students can also look for ways to save money, such as buying used textbooks, seeking out scholarships and grants, and choosing a more affordable school or program. Additionally, many students opt to work part-time while attending college to help cover expenses and reduce the amount of debt they take on.\n\n2. Repayment Plans and Loan Forgiveness: Another strategy for reducing student debt is to explore the various repayment plans and loan forgiveness options available. Many student loan providers offer income-driven repayment plans, which can help make monthly payments more manageable. Additionally, there are various loan forgiveness programs available for students who go into certain fields, such as teaching, nursing, or public service. It\u2019s important for students to fully research and understand the terms of these programs to see if they may be eligible for loan forgiveness or reduced payments.", "all_data": "*****INSTRUCTION:***** Provide two strategies for reducing student debt.\n\n*****OUTPUT:***** 1. Budgeting and Financial Management: One strategy to reduce student debt is by developing good budgeting and financial management skills. This means creating a budget and sticking to it, keeping track of expenses, and being mindful of spending habits. Students can also look for ways to save money, such as buying used textbooks, seeking out scholarships and grants, and choosing a more affordable school or program. Additionally, many students opt to work part-time while attending college to help cover expenses and reduce the amount of debt they take on.\n\n2. Repayment Plans and Loan Forgiveness: Another strategy for reducing student debt is to explore the various repayment plans and loan forgiveness options available. Many student loan providers offer income-driven repayment plans, which can help make monthly payments more manageable. Additionally, there are various loan forgiveness programs available for students who go into certain fields, such as teaching, nursing, or public service. It\u2019s important for students to fully research and understand the terms of these programs to see if they may be eligible for loan forgiveness or reduced payments.\n*****QUESTION:***** Does the output contain an explanation for the prediction?", "index": 301}, {"instruction": "Provide two strategies for reducing student debt.", "input": "", "output": "1. Budgeting and Financial Management: One strategy to reduce student debt is by developing good budgeting and financial management skills. This means creating a budget and sticking to it, keeping track of expenses, and being mindful of spending habits. Students can also look for ways to save money, such as buying used textbooks, seeking out scholarships and grants, and choosing a more affordable school or program. Additionally, many students opt to work part-time while attending college to help cover expenses and reduce the amount of debt they take on.\n\n2. Repayment Plans and Loan Forgiveness: Another strategy for reducing student debt is to explore the various repayment plans and loan forgiveness options available. Many student loan providers offer income-driven repayment plans, which can help make monthly payments more manageable. Additionally, there are various loan forgiveness programs available for students who go into certain fields, such as teaching, nursing, or public service. It\u2019s important for students to fully research and understand the terms of these programs to see if they may be eligible for loan forgiveness or reduced payments.", "all_data": "*****INSTRUCTION:***** Provide two strategies for reducing student debt.\n\n*****OUTPUT:***** 1. Budgeting and Financial Management: One strategy to reduce student debt is by developing good budgeting and financial management skills. This means creating a budget and sticking to it, keeping track of expenses, and being mindful of spending habits. Students can also look for ways to save money, such as buying used textbooks, seeking out scholarships and grants, and choosing a more affordable school or program. Additionally, many students opt to work part-time while attending college to help cover expenses and reduce the amount of debt they take on.\n\n2. Repayment Plans and Loan Forgiveness: Another strategy for reducing student debt is to explore the various repayment plans and loan forgiveness options available. Many student loan providers offer income-driven repayment plans, which can help make monthly payments more manageable. Additionally, there are various loan forgiveness programs available for students who go into certain fields, such as teaching, nursing, or public service. It\u2019s important for students to fully research and understand the terms of these programs to see if they may be eligible for loan forgiveness or reduced payments.\n*****QUESTION:***** Would you give an explanation/justify your reasoning if you were asked this question by a friend?", "index": 302}, {"instruction": "Provide two strategies for reducing student debt.", "input": "", "output": "1. Budgeting and Financial Management: One strategy to reduce student debt is by developing good budgeting and financial management skills. This means creating a budget and sticking to it, keeping track of expenses, and being mindful of spending habits. Students can also look for ways to save money, such as buying used textbooks, seeking out scholarships and grants, and choosing a more affordable school or program. Additionally, many students opt to work part-time while attending college to help cover expenses and reduce the amount of debt they take on.\n\n2. Repayment Plans and Loan Forgiveness: Another strategy for reducing student debt is to explore the various repayment plans and loan forgiveness options available. Many student loan providers offer income-driven repayment plans, which can help make monthly payments more manageable. Additionally, there are various loan forgiveness programs available for students who go into certain fields, such as teaching, nursing, or public service. It\u2019s important for students to fully research and understand the terms of these programs to see if they may be eligible for loan forgiveness or reduced payments.", "all_data": "*****INSTRUCTION:***** Provide two strategies for reducing student debt.\n\n*****OUTPUT:***** 1. Budgeting and Financial Management: One strategy to reduce student debt is by developing good budgeting and financial management skills. This means creating a budget and sticking to it, keeping track of expenses, and being mindful of spending habits. Students can also look for ways to save money, such as buying used textbooks, seeking out scholarships and grants, and choosing a more affordable school or program. Additionally, many students opt to work part-time while attending college to help cover expenses and reduce the amount of debt they take on.\n\n2. Repayment Plans and Loan Forgiveness: Another strategy for reducing student debt is to explore the various repayment plans and loan forgiveness options available. Many student loan providers offer income-driven repayment plans, which can help make monthly payments more manageable. Additionally, there are various loan forgiveness programs available for students who go into certain fields, such as teaching, nursing, or public service. It\u2019s important for students to fully research and understand the terms of these programs to see if they may be eligible for loan forgiveness or reduced payments.\n*****QUESTION:***** If there is an explanation: Does the explanation refer to commonsense concepts that are taken as given?", "index": 303}, {"instruction": "Provide two strategies for reducing student debt.", "input": "", "output": "1. Budgeting and Financial Management: One strategy to reduce student debt is by developing good budgeting and financial management skills. This means creating a budget and sticking to it, keeping track of expenses, and being mindful of spending habits. Students can also look for ways to save money, such as buying used textbooks, seeking out scholarships and grants, and choosing a more affordable school or program. Additionally, many students opt to work part-time while attending college to help cover expenses and reduce the amount of debt they take on.\n\n2. Repayment Plans and Loan Forgiveness: Another strategy for reducing student debt is to explore the various repayment plans and loan forgiveness options available. Many student loan providers offer income-driven repayment plans, which can help make monthly payments more manageable. Additionally, there are various loan forgiveness programs available for students who go into certain fields, such as teaching, nursing, or public service. It\u2019s important for students to fully research and understand the terms of these programs to see if they may be eligible for loan forgiveness or reduced payments.", "all_data": "*****INSTRUCTION:***** Provide two strategies for reducing student debt.\n\n*****OUTPUT:***** 1. Budgeting and Financial Management: One strategy to reduce student debt is by developing good budgeting and financial management skills. This means creating a budget and sticking to it, keeping track of expenses, and being mindful of spending habits. Students can also look for ways to save money, such as buying used textbooks, seeking out scholarships and grants, and choosing a more affordable school or program. Additionally, many students opt to work part-time while attending college to help cover expenses and reduce the amount of debt they take on.\n\n2. Repayment Plans and Loan Forgiveness: Another strategy for reducing student debt is to explore the various repayment plans and loan forgiveness options available. Many student loan providers offer income-driven repayment plans, which can help make monthly payments more manageable. Additionally, there are various loan forgiveness programs available for students who go into certain fields, such as teaching, nursing, or public service. It\u2019s important for students to fully research and understand the terms of these programs to see if they may be eligible for loan forgiveness or reduced payments.\n*****QUESTION:***** If there is an explanation: Does the explanation list contributing factors?", "index": 304}, {"instruction": "Provide two strategies for reducing student debt.", "input": "", "output": "1. Budgeting and Financial Management: One strategy to reduce student debt is by developing good budgeting and financial management skills. This means creating a budget and sticking to it, keeping track of expenses, and being mindful of spending habits. Students can also look for ways to save money, such as buying used textbooks, seeking out scholarships and grants, and choosing a more affordable school or program. Additionally, many students opt to work part-time while attending college to help cover expenses and reduce the amount of debt they take on.\n\n2. Repayment Plans and Loan Forgiveness: Another strategy for reducing student debt is to explore the various repayment plans and loan forgiveness options available. Many student loan providers offer income-driven repayment plans, which can help make monthly payments more manageable. Additionally, there are various loan forgiveness programs available for students who go into certain fields, such as teaching, nursing, or public service. It\u2019s important for students to fully research and understand the terms of these programs to see if they may be eligible for loan forgiveness or reduced payments.", "all_data": "*****INSTRUCTION:***** Provide two strategies for reducing student debt.\n\n*****OUTPUT:***** 1. Budgeting and Financial Management: One strategy to reduce student debt is by developing good budgeting and financial management skills. This means creating a budget and sticking to it, keeping track of expenses, and being mindful of spending habits. Students can also look for ways to save money, such as buying used textbooks, seeking out scholarships and grants, and choosing a more affordable school or program. Additionally, many students opt to work part-time while attending college to help cover expenses and reduce the amount of debt they take on.\n\n2. Repayment Plans and Loan Forgiveness: Another strategy for reducing student debt is to explore the various repayment plans and loan forgiveness options available. Many student loan providers offer income-driven repayment plans, which can help make monthly payments more manageable. Additionally, there are various loan forgiveness programs available for students who go into certain fields, such as teaching, nursing, or public service. It\u2019s important for students to fully research and understand the terms of these programs to see if they may be eligible for loan forgiveness or reduced payments.\n*****QUESTION:***** If there is an explanation: Does the explanation include subjective or biased criteria?", "index": 305}, {"instruction": "Provide two strategies for reducing student debt.", "input": "", "output": "1. Budgeting and Financial Management: One strategy to reduce student debt is by developing good budgeting and financial management skills. This means creating a budget and sticking to it, keeping track of expenses, and being mindful of spending habits. Students can also look for ways to save money, such as buying used textbooks, seeking out scholarships and grants, and choosing a more affordable school or program. Additionally, many students opt to work part-time while attending college to help cover expenses and reduce the amount of debt they take on.\n\n2. Repayment Plans and Loan Forgiveness: Another strategy for reducing student debt is to explore the various repayment plans and loan forgiveness options available. Many student loan providers offer income-driven repayment plans, which can help make monthly payments more manageable. Additionally, there are various loan forgiveness programs available for students who go into certain fields, such as teaching, nursing, or public service. It\u2019s important for students to fully research and understand the terms of these programs to see if they may be eligible for loan forgiveness or reduced payments.", "all_data": "*****INSTRUCTION:***** Provide two strategies for reducing student debt.\n\n*****OUTPUT:***** 1. Budgeting and Financial Management: One strategy to reduce student debt is by developing good budgeting and financial management skills. This means creating a budget and sticking to it, keeping track of expenses, and being mindful of spending habits. Students can also look for ways to save money, such as buying used textbooks, seeking out scholarships and grants, and choosing a more affordable school or program. Additionally, many students opt to work part-time while attending college to help cover expenses and reduce the amount of debt they take on.\n\n2. Repayment Plans and Loan Forgiveness: Another strategy for reducing student debt is to explore the various repayment plans and loan forgiveness options available. Many student loan providers offer income-driven repayment plans, which can help make monthly payments more manageable. Additionally, there are various loan forgiveness programs available for students who go into certain fields, such as teaching, nursing, or public service. It\u2019s important for students to fully research and understand the terms of these programs to see if they may be eligible for loan forgiveness or reduced payments.\n*****QUESTION:***** If there is an explanation: Does the explanation include illustrative elements (e.g. examples)?", "index": 306}, {"instruction": "Provide two strategies for reducing student debt.", "input": "", "output": "1. Budgeting and Financial Management: One strategy to reduce student debt is by developing good budgeting and financial management skills. This means creating a budget and sticking to it, keeping track of expenses, and being mindful of spending habits. Students can also look for ways to save money, such as buying used textbooks, seeking out scholarships and grants, and choosing a more affordable school or program. Additionally, many students opt to work part-time while attending college to help cover expenses and reduce the amount of debt they take on.\n\n2. Repayment Plans and Loan Forgiveness: Another strategy for reducing student debt is to explore the various repayment plans and loan forgiveness options available. Many student loan providers offer income-driven repayment plans, which can help make monthly payments more manageable. Additionally, there are various loan forgiveness programs available for students who go into certain fields, such as teaching, nursing, or public service. It\u2019s important for students to fully research and understand the terms of these programs to see if they may be eligible for loan forgiveness or reduced payments.", "all_data": "*****INSTRUCTION:***** Provide two strategies for reducing student debt.\n\n*****OUTPUT:***** 1. Budgeting and Financial Management: One strategy to reduce student debt is by developing good budgeting and financial management skills. This means creating a budget and sticking to it, keeping track of expenses, and being mindful of spending habits. Students can also look for ways to save money, such as buying used textbooks, seeking out scholarships and grants, and choosing a more affordable school or program. Additionally, many students opt to work part-time while attending college to help cover expenses and reduce the amount of debt they take on.\n\n2. Repayment Plans and Loan Forgiveness: Another strategy for reducing student debt is to explore the various repayment plans and loan forgiveness options available. Many student loan providers offer income-driven repayment plans, which can help make monthly payments more manageable. Additionally, there are various loan forgiveness programs available for students who go into certain fields, such as teaching, nursing, or public service. It\u2019s important for students to fully research and understand the terms of these programs to see if they may be eligible for loan forgiveness or reduced payments.\n*****QUESTION:***** If there is an explanation: Is the explanation misleading (e.g. arguing for a label that is wrong)?", "index": 307}, {"instruction": "Optimize this query for maximum recall:", "input": "SELECT * FROM  table WHERE column1 = \"value1\"", "output": "The given SQL query selects all columns from the table where the value of column1 is equal to \"value1\". To optimize the query for maximum recall, consider the following suggestions:\n\n1. Use OR conditions: If there are multiple values that could match the search criteria, you can use OR conditions to broaden the scope of the search. For example:\n\n```\nSELECT * FROM table WHERE column1 = \"value1\" OR column1 = \"value2\"\n```\n\n2. Use LIKE operator with wildcards: The LIKE operator allows you to perform pattern matching with wildcards. Using the percent sign (%) you can match any number of characters, including zero. For example:\n\n```\nSELECT * FROM table WHERE column1 LIKE \"%value1%\"\n```\n\nThis will return all rows where column1 contains the substring \"value1\" anywhere within the string.\n\n3. Use of Full-Text search: If you are working with a large text data set, leveraging full-text search can improve recall. For example:\n\n```\nSELECT * FROM table WHERE MATCH(column1) AGAINST('value1')\n```\n\nThis command is used to search for \"value1\" within the column1 field, and return all rows that contain it.\n\n4. Use of UNION: You can use the UNION operator to combine the results of two or more SELECT statements. For example:\n\n```\nSELECT * FROM table WHERE column1 = \"value1\"\nUNION\nSELECT * FROM table WHERE column2 = \"value2\"\n```\n\nThis will return all rows where column1 is \"value1\" or column2 is \"value2\". The UNION operator combines results and removes duplicates.\n\nAll these suggestions can help improve recall by broadening the scope of the search and returning more rows that match the search criteria.", "all_data": "*****INSTRUCTION:***** Optimize this query for maximum recall:\nSELECT * FROM  table WHERE column1 = \"value1\"\n*****OUTPUT:***** The given SQL query selects all columns from the table where the value of column1 is equal to \"value1\". To optimize the query for maximum recall, consider the following suggestions:\n\n1. Use OR conditions: If there are multiple values that could match the search criteria, you can use OR conditions to broaden the scope of the search. For example:\n\n```\nSELECT * FROM table WHERE column1 = \"value1\" OR column1 = \"value2\"\n```\n\n2. Use LIKE operator with wildcards: The LIKE operator allows you to perform pattern matching with wildcards. Using the percent sign (%) you can match any number of characters, including zero. For example:\n\n```\nSELECT * FROM table WHERE column1 LIKE \"%value1%\"\n```\n\nThis will return all rows where column1 contains the substring \"value1\" anywhere within the string.\n\n3. Use of Full-Text search: If you are working with a large text data set, leveraging full-text search can improve recall. For example:\n\n```\nSELECT * FROM table WHERE MATCH(column1) AGAINST('value1')\n```\n\nThis command is used to search for \"value1\" within the column1 field, and return all rows that contain it.\n\n4. Use of UNION: You can use the UNION operator to combine the results of two or more SELECT statements. For example:\n\n```\nSELECT * FROM table WHERE column1 = \"value1\"\nUNION\nSELECT * FROM table WHERE column2 = \"value2\"\n```\n\nThis will return all rows where column1 is \"value1\" or column2 is \"value2\". The UNION operator combines results and removes duplicates.\n\nAll these suggestions can help improve recall by broadening the scope of the search and returning more rows that match the search criteria.\n*****QUESTION:***** Does the output contain an explanation for the prediction?", "index": 308}, {"instruction": "Optimize this query for maximum recall:", "input": "SELECT * FROM  table WHERE column1 = \"value1\"", "output": "The given SQL query selects all columns from the table where the value of column1 is equal to \"value1\". To optimize the query for maximum recall, consider the following suggestions:\n\n1. Use OR conditions: If there are multiple values that could match the search criteria, you can use OR conditions to broaden the scope of the search. For example:\n\n```\nSELECT * FROM table WHERE column1 = \"value1\" OR column1 = \"value2\"\n```\n\n2. Use LIKE operator with wildcards: The LIKE operator allows you to perform pattern matching with wildcards. Using the percent sign (%) you can match any number of characters, including zero. For example:\n\n```\nSELECT * FROM table WHERE column1 LIKE \"%value1%\"\n```\n\nThis will return all rows where column1 contains the substring \"value1\" anywhere within the string.\n\n3. Use of Full-Text search: If you are working with a large text data set, leveraging full-text search can improve recall. For example:\n\n```\nSELECT * FROM table WHERE MATCH(column1) AGAINST('value1')\n```\n\nThis command is used to search for \"value1\" within the column1 field, and return all rows that contain it.\n\n4. Use of UNION: You can use the UNION operator to combine the results of two or more SELECT statements. For example:\n\n```\nSELECT * FROM table WHERE column1 = \"value1\"\nUNION\nSELECT * FROM table WHERE column2 = \"value2\"\n```\n\nThis will return all rows where column1 is \"value1\" or column2 is \"value2\". The UNION operator combines results and removes duplicates.\n\nAll these suggestions can help improve recall by broadening the scope of the search and returning more rows that match the search criteria.", "all_data": "*****INSTRUCTION:***** Optimize this query for maximum recall:\nSELECT * FROM  table WHERE column1 = \"value1\"\n*****OUTPUT:***** The given SQL query selects all columns from the table where the value of column1 is equal to \"value1\". To optimize the query for maximum recall, consider the following suggestions:\n\n1. Use OR conditions: If there are multiple values that could match the search criteria, you can use OR conditions to broaden the scope of the search. For example:\n\n```\nSELECT * FROM table WHERE column1 = \"value1\" OR column1 = \"value2\"\n```\n\n2. Use LIKE operator with wildcards: The LIKE operator allows you to perform pattern matching with wildcards. Using the percent sign (%) you can match any number of characters, including zero. For example:\n\n```\nSELECT * FROM table WHERE column1 LIKE \"%value1%\"\n```\n\nThis will return all rows where column1 contains the substring \"value1\" anywhere within the string.\n\n3. Use of Full-Text search: If you are working with a large text data set, leveraging full-text search can improve recall. For example:\n\n```\nSELECT * FROM table WHERE MATCH(column1) AGAINST('value1')\n```\n\nThis command is used to search for \"value1\" within the column1 field, and return all rows that contain it.\n\n4. Use of UNION: You can use the UNION operator to combine the results of two or more SELECT statements. For example:\n\n```\nSELECT * FROM table WHERE column1 = \"value1\"\nUNION\nSELECT * FROM table WHERE column2 = \"value2\"\n```\n\nThis will return all rows where column1 is \"value1\" or column2 is \"value2\". The UNION operator combines results and removes duplicates.\n\nAll these suggestions can help improve recall by broadening the scope of the search and returning more rows that match the search criteria.\n*****QUESTION:***** Would you give an explanation/justify your reasoning if you were asked this question by a friend?", "index": 309}, {"instruction": "Optimize this query for maximum recall:", "input": "SELECT * FROM  table WHERE column1 = \"value1\"", "output": "The given SQL query selects all columns from the table where the value of column1 is equal to \"value1\". To optimize the query for maximum recall, consider the following suggestions:\n\n1. Use OR conditions: If there are multiple values that could match the search criteria, you can use OR conditions to broaden the scope of the search. For example:\n\n```\nSELECT * FROM table WHERE column1 = \"value1\" OR column1 = \"value2\"\n```\n\n2. Use LIKE operator with wildcards: The LIKE operator allows you to perform pattern matching with wildcards. Using the percent sign (%) you can match any number of characters, including zero. For example:\n\n```\nSELECT * FROM table WHERE column1 LIKE \"%value1%\"\n```\n\nThis will return all rows where column1 contains the substring \"value1\" anywhere within the string.\n\n3. Use of Full-Text search: If you are working with a large text data set, leveraging full-text search can improve recall. For example:\n\n```\nSELECT * FROM table WHERE MATCH(column1) AGAINST('value1')\n```\n\nThis command is used to search for \"value1\" within the column1 field, and return all rows that contain it.\n\n4. Use of UNION: You can use the UNION operator to combine the results of two or more SELECT statements. For example:\n\n```\nSELECT * FROM table WHERE column1 = \"value1\"\nUNION\nSELECT * FROM table WHERE column2 = \"value2\"\n```\n\nThis will return all rows where column1 is \"value1\" or column2 is \"value2\". The UNION operator combines results and removes duplicates.\n\nAll these suggestions can help improve recall by broadening the scope of the search and returning more rows that match the search criteria.", "all_data": "*****INSTRUCTION:***** Optimize this query for maximum recall:\nSELECT * FROM  table WHERE column1 = \"value1\"\n*****OUTPUT:***** The given SQL query selects all columns from the table where the value of column1 is equal to \"value1\". To optimize the query for maximum recall, consider the following suggestions:\n\n1. Use OR conditions: If there are multiple values that could match the search criteria, you can use OR conditions to broaden the scope of the search. For example:\n\n```\nSELECT * FROM table WHERE column1 = \"value1\" OR column1 = \"value2\"\n```\n\n2. Use LIKE operator with wildcards: The LIKE operator allows you to perform pattern matching with wildcards. Using the percent sign (%) you can match any number of characters, including zero. For example:\n\n```\nSELECT * FROM table WHERE column1 LIKE \"%value1%\"\n```\n\nThis will return all rows where column1 contains the substring \"value1\" anywhere within the string.\n\n3. Use of Full-Text search: If you are working with a large text data set, leveraging full-text search can improve recall. For example:\n\n```\nSELECT * FROM table WHERE MATCH(column1) AGAINST('value1')\n```\n\nThis command is used to search for \"value1\" within the column1 field, and return all rows that contain it.\n\n4. Use of UNION: You can use the UNION operator to combine the results of two or more SELECT statements. For example:\n\n```\nSELECT * FROM table WHERE column1 = \"value1\"\nUNION\nSELECT * FROM table WHERE column2 = \"value2\"\n```\n\nThis will return all rows where column1 is \"value1\" or column2 is \"value2\". The UNION operator combines results and removes duplicates.\n\nAll these suggestions can help improve recall by broadening the scope of the search and returning more rows that match the search criteria.\n*****QUESTION:***** If there is an explanation: Does the explanation refer to commonsense concepts that are taken as given?", "index": 310}, {"instruction": "Optimize this query for maximum recall:", "input": "SELECT * FROM  table WHERE column1 = \"value1\"", "output": "The given SQL query selects all columns from the table where the value of column1 is equal to \"value1\". To optimize the query for maximum recall, consider the following suggestions:\n\n1. Use OR conditions: If there are multiple values that could match the search criteria, you can use OR conditions to broaden the scope of the search. For example:\n\n```\nSELECT * FROM table WHERE column1 = \"value1\" OR column1 = \"value2\"\n```\n\n2. Use LIKE operator with wildcards: The LIKE operator allows you to perform pattern matching with wildcards. Using the percent sign (%) you can match any number of characters, including zero. For example:\n\n```\nSELECT * FROM table WHERE column1 LIKE \"%value1%\"\n```\n\nThis will return all rows where column1 contains the substring \"value1\" anywhere within the string.\n\n3. Use of Full-Text search: If you are working with a large text data set, leveraging full-text search can improve recall. For example:\n\n```\nSELECT * FROM table WHERE MATCH(column1) AGAINST('value1')\n```\n\nThis command is used to search for \"value1\" within the column1 field, and return all rows that contain it.\n\n4. Use of UNION: You can use the UNION operator to combine the results of two or more SELECT statements. For example:\n\n```\nSELECT * FROM table WHERE column1 = \"value1\"\nUNION\nSELECT * FROM table WHERE column2 = \"value2\"\n```\n\nThis will return all rows where column1 is \"value1\" or column2 is \"value2\". The UNION operator combines results and removes duplicates.\n\nAll these suggestions can help improve recall by broadening the scope of the search and returning more rows that match the search criteria.", "all_data": "*****INSTRUCTION:***** Optimize this query for maximum recall:\nSELECT * FROM  table WHERE column1 = \"value1\"\n*****OUTPUT:***** The given SQL query selects all columns from the table where the value of column1 is equal to \"value1\". To optimize the query for maximum recall, consider the following suggestions:\n\n1. Use OR conditions: If there are multiple values that could match the search criteria, you can use OR conditions to broaden the scope of the search. For example:\n\n```\nSELECT * FROM table WHERE column1 = \"value1\" OR column1 = \"value2\"\n```\n\n2. Use LIKE operator with wildcards: The LIKE operator allows you to perform pattern matching with wildcards. Using the percent sign (%) you can match any number of characters, including zero. For example:\n\n```\nSELECT * FROM table WHERE column1 LIKE \"%value1%\"\n```\n\nThis will return all rows where column1 contains the substring \"value1\" anywhere within the string.\n\n3. Use of Full-Text search: If you are working with a large text data set, leveraging full-text search can improve recall. For example:\n\n```\nSELECT * FROM table WHERE MATCH(column1) AGAINST('value1')\n```\n\nThis command is used to search for \"value1\" within the column1 field, and return all rows that contain it.\n\n4. Use of UNION: You can use the UNION operator to combine the results of two or more SELECT statements. For example:\n\n```\nSELECT * FROM table WHERE column1 = \"value1\"\nUNION\nSELECT * FROM table WHERE column2 = \"value2\"\n```\n\nThis will return all rows where column1 is \"value1\" or column2 is \"value2\". The UNION operator combines results and removes duplicates.\n\nAll these suggestions can help improve recall by broadening the scope of the search and returning more rows that match the search criteria.\n*****QUESTION:***** If there is an explanation: Does the explanation list contributing factors?", "index": 311}, {"instruction": "Optimize this query for maximum recall:", "input": "SELECT * FROM  table WHERE column1 = \"value1\"", "output": "The given SQL query selects all columns from the table where the value of column1 is equal to \"value1\". To optimize the query for maximum recall, consider the following suggestions:\n\n1. Use OR conditions: If there are multiple values that could match the search criteria, you can use OR conditions to broaden the scope of the search. For example:\n\n```\nSELECT * FROM table WHERE column1 = \"value1\" OR column1 = \"value2\"\n```\n\n2. Use LIKE operator with wildcards: The LIKE operator allows you to perform pattern matching with wildcards. Using the percent sign (%) you can match any number of characters, including zero. For example:\n\n```\nSELECT * FROM table WHERE column1 LIKE \"%value1%\"\n```\n\nThis will return all rows where column1 contains the substring \"value1\" anywhere within the string.\n\n3. Use of Full-Text search: If you are working with a large text data set, leveraging full-text search can improve recall. For example:\n\n```\nSELECT * FROM table WHERE MATCH(column1) AGAINST('value1')\n```\n\nThis command is used to search for \"value1\" within the column1 field, and return all rows that contain it.\n\n4. Use of UNION: You can use the UNION operator to combine the results of two or more SELECT statements. For example:\n\n```\nSELECT * FROM table WHERE column1 = \"value1\"\nUNION\nSELECT * FROM table WHERE column2 = \"value2\"\n```\n\nThis will return all rows where column1 is \"value1\" or column2 is \"value2\". The UNION operator combines results and removes duplicates.\n\nAll these suggestions can help improve recall by broadening the scope of the search and returning more rows that match the search criteria.", "all_data": "*****INSTRUCTION:***** Optimize this query for maximum recall:\nSELECT * FROM  table WHERE column1 = \"value1\"\n*****OUTPUT:***** The given SQL query selects all columns from the table where the value of column1 is equal to \"value1\". To optimize the query for maximum recall, consider the following suggestions:\n\n1. Use OR conditions: If there are multiple values that could match the search criteria, you can use OR conditions to broaden the scope of the search. For example:\n\n```\nSELECT * FROM table WHERE column1 = \"value1\" OR column1 = \"value2\"\n```\n\n2. Use LIKE operator with wildcards: The LIKE operator allows you to perform pattern matching with wildcards. Using the percent sign (%) you can match any number of characters, including zero. For example:\n\n```\nSELECT * FROM table WHERE column1 LIKE \"%value1%\"\n```\n\nThis will return all rows where column1 contains the substring \"value1\" anywhere within the string.\n\n3. Use of Full-Text search: If you are working with a large text data set, leveraging full-text search can improve recall. For example:\n\n```\nSELECT * FROM table WHERE MATCH(column1) AGAINST('value1')\n```\n\nThis command is used to search for \"value1\" within the column1 field, and return all rows that contain it.\n\n4. Use of UNION: You can use the UNION operator to combine the results of two or more SELECT statements. For example:\n\n```\nSELECT * FROM table WHERE column1 = \"value1\"\nUNION\nSELECT * FROM table WHERE column2 = \"value2\"\n```\n\nThis will return all rows where column1 is \"value1\" or column2 is \"value2\". The UNION operator combines results and removes duplicates.\n\nAll these suggestions can help improve recall by broadening the scope of the search and returning more rows that match the search criteria.\n*****QUESTION:***** If there is an explanation: Does the explanation include subjective or biased criteria?", "index": 312}, {"instruction": "Optimize this query for maximum recall:", "input": "SELECT * FROM  table WHERE column1 = \"value1\"", "output": "The given SQL query selects all columns from the table where the value of column1 is equal to \"value1\". To optimize the query for maximum recall, consider the following suggestions:\n\n1. Use OR conditions: If there are multiple values that could match the search criteria, you can use OR conditions to broaden the scope of the search. For example:\n\n```\nSELECT * FROM table WHERE column1 = \"value1\" OR column1 = \"value2\"\n```\n\n2. Use LIKE operator with wildcards: The LIKE operator allows you to perform pattern matching with wildcards. Using the percent sign (%) you can match any number of characters, including zero. For example:\n\n```\nSELECT * FROM table WHERE column1 LIKE \"%value1%\"\n```\n\nThis will return all rows where column1 contains the substring \"value1\" anywhere within the string.\n\n3. Use of Full-Text search: If you are working with a large text data set, leveraging full-text search can improve recall. For example:\n\n```\nSELECT * FROM table WHERE MATCH(column1) AGAINST('value1')\n```\n\nThis command is used to search for \"value1\" within the column1 field, and return all rows that contain it.\n\n4. Use of UNION: You can use the UNION operator to combine the results of two or more SELECT statements. For example:\n\n```\nSELECT * FROM table WHERE column1 = \"value1\"\nUNION\nSELECT * FROM table WHERE column2 = \"value2\"\n```\n\nThis will return all rows where column1 is \"value1\" or column2 is \"value2\". The UNION operator combines results and removes duplicates.\n\nAll these suggestions can help improve recall by broadening the scope of the search and returning more rows that match the search criteria.", "all_data": "*****INSTRUCTION:***** Optimize this query for maximum recall:\nSELECT * FROM  table WHERE column1 = \"value1\"\n*****OUTPUT:***** The given SQL query selects all columns from the table where the value of column1 is equal to \"value1\". To optimize the query for maximum recall, consider the following suggestions:\n\n1. Use OR conditions: If there are multiple values that could match the search criteria, you can use OR conditions to broaden the scope of the search. For example:\n\n```\nSELECT * FROM table WHERE column1 = \"value1\" OR column1 = \"value2\"\n```\n\n2. Use LIKE operator with wildcards: The LIKE operator allows you to perform pattern matching with wildcards. Using the percent sign (%) you can match any number of characters, including zero. For example:\n\n```\nSELECT * FROM table WHERE column1 LIKE \"%value1%\"\n```\n\nThis will return all rows where column1 contains the substring \"value1\" anywhere within the string.\n\n3. Use of Full-Text search: If you are working with a large text data set, leveraging full-text search can improve recall. For example:\n\n```\nSELECT * FROM table WHERE MATCH(column1) AGAINST('value1')\n```\n\nThis command is used to search for \"value1\" within the column1 field, and return all rows that contain it.\n\n4. Use of UNION: You can use the UNION operator to combine the results of two or more SELECT statements. For example:\n\n```\nSELECT * FROM table WHERE column1 = \"value1\"\nUNION\nSELECT * FROM table WHERE column2 = \"value2\"\n```\n\nThis will return all rows where column1 is \"value1\" or column2 is \"value2\". The UNION operator combines results and removes duplicates.\n\nAll these suggestions can help improve recall by broadening the scope of the search and returning more rows that match the search criteria.\n*****QUESTION:***** If there is an explanation: Does the explanation include illustrative elements (e.g. examples)?", "index": 313}, {"instruction": "Optimize this query for maximum recall:", "input": "SELECT * FROM  table WHERE column1 = \"value1\"", "output": "The given SQL query selects all columns from the table where the value of column1 is equal to \"value1\". To optimize the query for maximum recall, consider the following suggestions:\n\n1. Use OR conditions: If there are multiple values that could match the search criteria, you can use OR conditions to broaden the scope of the search. For example:\n\n```\nSELECT * FROM table WHERE column1 = \"value1\" OR column1 = \"value2\"\n```\n\n2. Use LIKE operator with wildcards: The LIKE operator allows you to perform pattern matching with wildcards. Using the percent sign (%) you can match any number of characters, including zero. For example:\n\n```\nSELECT * FROM table WHERE column1 LIKE \"%value1%\"\n```\n\nThis will return all rows where column1 contains the substring \"value1\" anywhere within the string.\n\n3. Use of Full-Text search: If you are working with a large text data set, leveraging full-text search can improve recall. For example:\n\n```\nSELECT * FROM table WHERE MATCH(column1) AGAINST('value1')\n```\n\nThis command is used to search for \"value1\" within the column1 field, and return all rows that contain it.\n\n4. Use of UNION: You can use the UNION operator to combine the results of two or more SELECT statements. For example:\n\n```\nSELECT * FROM table WHERE column1 = \"value1\"\nUNION\nSELECT * FROM table WHERE column2 = \"value2\"\n```\n\nThis will return all rows where column1 is \"value1\" or column2 is \"value2\". The UNION operator combines results and removes duplicates.\n\nAll these suggestions can help improve recall by broadening the scope of the search and returning more rows that match the search criteria.", "all_data": "*****INSTRUCTION:***** Optimize this query for maximum recall:\nSELECT * FROM  table WHERE column1 = \"value1\"\n*****OUTPUT:***** The given SQL query selects all columns from the table where the value of column1 is equal to \"value1\". To optimize the query for maximum recall, consider the following suggestions:\n\n1. Use OR conditions: If there are multiple values that could match the search criteria, you can use OR conditions to broaden the scope of the search. For example:\n\n```\nSELECT * FROM table WHERE column1 = \"value1\" OR column1 = \"value2\"\n```\n\n2. Use LIKE operator with wildcards: The LIKE operator allows you to perform pattern matching with wildcards. Using the percent sign (%) you can match any number of characters, including zero. For example:\n\n```\nSELECT * FROM table WHERE column1 LIKE \"%value1%\"\n```\n\nThis will return all rows where column1 contains the substring \"value1\" anywhere within the string.\n\n3. Use of Full-Text search: If you are working with a large text data set, leveraging full-text search can improve recall. For example:\n\n```\nSELECT * FROM table WHERE MATCH(column1) AGAINST('value1')\n```\n\nThis command is used to search for \"value1\" within the column1 field, and return all rows that contain it.\n\n4. Use of UNION: You can use the UNION operator to combine the results of two or more SELECT statements. For example:\n\n```\nSELECT * FROM table WHERE column1 = \"value1\"\nUNION\nSELECT * FROM table WHERE column2 = \"value2\"\n```\n\nThis will return all rows where column1 is \"value1\" or column2 is \"value2\". The UNION operator combines results and removes duplicates.\n\nAll these suggestions can help improve recall by broadening the scope of the search and returning more rows that match the search criteria.\n*****QUESTION:***** If there is an explanation: Is the explanation misleading (e.g. arguing for a label that is wrong)?", "index": 314}, {"instruction": "Develop a strategy for improving user engagement with an online product.", "input": "", "output": "Improving user engagement with an online product requires a comprehensive strategy that addresses various aspects. Here are some steps to consider when developing such a strategy:\n\n1. Understand your users: The first step towards improving user engagement is to understand who your target audience is and what motivates them. Conduct surveys, focus groups, and analyze user data to gain insights into user behavior, preferences, and feedback.\n\n2. Personalize the experience: Users are more likely to engage with a product that delivers a personalized experience. Use the data collected to tailor content, recommendations, and messaging to individual users. \n\n3. Keep the content fresh: Ensure that the content on the platform is regularly updated, relevant and engaging. Keeping users informed about new features, updates or products can keep them interested and encourage them to keep coming back.\n\n4. Improve the user interface: A user-friendly, intuitive, and visually appealing interface can significantly improve user engagement. Consider implementing features such as easy navigation, clear onboarding, and quick load times.\n\n5. Gamification: Gamifying your product can drive engagement by tapping into users' competitive and playful nature. Consider implementing point systems, achievements, and rewards to incentivize users to engage with the product.\n\n6. Social integration: Integrating social media into your product can drive engagement by allowing users to share progress, compete with friends, or discover new content. Consider implementing features such as social media sharing and friend invites.\n\n7. Listen and respond to feedback: Encourage users to provide feedback and actively listen and respond to their suggestions, concerns, and complaints. This not only helps improve the product but also shows users that their feedback is valued, which can increase engagement.\n\n8. Monitor and analyze engagement: Finally, monitor and analyze user engagement data to identify trends, areas for improvement, and measure the effectiveness of your strategies. Use this information to make data-driven decisions and continuously improve user engagement.", "all_data": "*****INSTRUCTION:***** Develop a strategy for improving user engagement with an online product.\n\n*****OUTPUT:***** Improving user engagement with an online product requires a comprehensive strategy that addresses various aspects. Here are some steps to consider when developing such a strategy:\n\n1. Understand your users: The first step towards improving user engagement is to understand who your target audience is and what motivates them. Conduct surveys, focus groups, and analyze user data to gain insights into user behavior, preferences, and feedback.\n\n2. Personalize the experience: Users are more likely to engage with a product that delivers a personalized experience. Use the data collected to tailor content, recommendations, and messaging to individual users. \n\n3. Keep the content fresh: Ensure that the content on the platform is regularly updated, relevant and engaging. Keeping users informed about new features, updates or products can keep them interested and encourage them to keep coming back.\n\n4. Improve the user interface: A user-friendly, intuitive, and visually appealing interface can significantly improve user engagement. Consider implementing features such as easy navigation, clear onboarding, and quick load times.\n\n5. Gamification: Gamifying your product can drive engagement by tapping into users' competitive and playful nature. Consider implementing point systems, achievements, and rewards to incentivize users to engage with the product.\n\n6. Social integration: Integrating social media into your product can drive engagement by allowing users to share progress, compete with friends, or discover new content. Consider implementing features such as social media sharing and friend invites.\n\n7. Listen and respond to feedback: Encourage users to provide feedback and actively listen and respond to their suggestions, concerns, and complaints. This not only helps improve the product but also shows users that their feedback is valued, which can increase engagement.\n\n8. Monitor and analyze engagement: Finally, monitor and analyze user engagement data to identify trends, areas for improvement, and measure the effectiveness of your strategies. Use this information to make data-driven decisions and continuously improve user engagement.\n*****QUESTION:***** Does the output contain an explanation for the prediction?", "index": 315}, {"instruction": "Develop a strategy for improving user engagement with an online product.", "input": "", "output": "Improving user engagement with an online product requires a comprehensive strategy that addresses various aspects. Here are some steps to consider when developing such a strategy:\n\n1. Understand your users: The first step towards improving user engagement is to understand who your target audience is and what motivates them. Conduct surveys, focus groups, and analyze user data to gain insights into user behavior, preferences, and feedback.\n\n2. Personalize the experience: Users are more likely to engage with a product that delivers a personalized experience. Use the data collected to tailor content, recommendations, and messaging to individual users. \n\n3. Keep the content fresh: Ensure that the content on the platform is regularly updated, relevant and engaging. Keeping users informed about new features, updates or products can keep them interested and encourage them to keep coming back.\n\n4. Improve the user interface: A user-friendly, intuitive, and visually appealing interface can significantly improve user engagement. Consider implementing features such as easy navigation, clear onboarding, and quick load times.\n\n5. Gamification: Gamifying your product can drive engagement by tapping into users' competitive and playful nature. Consider implementing point systems, achievements, and rewards to incentivize users to engage with the product.\n\n6. Social integration: Integrating social media into your product can drive engagement by allowing users to share progress, compete with friends, or discover new content. Consider implementing features such as social media sharing and friend invites.\n\n7. Listen and respond to feedback: Encourage users to provide feedback and actively listen and respond to their suggestions, concerns, and complaints. This not only helps improve the product but also shows users that their feedback is valued, which can increase engagement.\n\n8. Monitor and analyze engagement: Finally, monitor and analyze user engagement data to identify trends, areas for improvement, and measure the effectiveness of your strategies. Use this information to make data-driven decisions and continuously improve user engagement.", "all_data": "*****INSTRUCTION:***** Develop a strategy for improving user engagement with an online product.\n\n*****OUTPUT:***** Improving user engagement with an online product requires a comprehensive strategy that addresses various aspects. Here are some steps to consider when developing such a strategy:\n\n1. Understand your users: The first step towards improving user engagement is to understand who your target audience is and what motivates them. Conduct surveys, focus groups, and analyze user data to gain insights into user behavior, preferences, and feedback.\n\n2. Personalize the experience: Users are more likely to engage with a product that delivers a personalized experience. Use the data collected to tailor content, recommendations, and messaging to individual users. \n\n3. Keep the content fresh: Ensure that the content on the platform is regularly updated, relevant and engaging. Keeping users informed about new features, updates or products can keep them interested and encourage them to keep coming back.\n\n4. Improve the user interface: A user-friendly, intuitive, and visually appealing interface can significantly improve user engagement. Consider implementing features such as easy navigation, clear onboarding, and quick load times.\n\n5. Gamification: Gamifying your product can drive engagement by tapping into users' competitive and playful nature. Consider implementing point systems, achievements, and rewards to incentivize users to engage with the product.\n\n6. Social integration: Integrating social media into your product can drive engagement by allowing users to share progress, compete with friends, or discover new content. Consider implementing features such as social media sharing and friend invites.\n\n7. Listen and respond to feedback: Encourage users to provide feedback and actively listen and respond to their suggestions, concerns, and complaints. This not only helps improve the product but also shows users that their feedback is valued, which can increase engagement.\n\n8. Monitor and analyze engagement: Finally, monitor and analyze user engagement data to identify trends, areas for improvement, and measure the effectiveness of your strategies. Use this information to make data-driven decisions and continuously improve user engagement.\n*****QUESTION:***** Would you give an explanation/justify your reasoning if you were asked this question by a friend?", "index": 316}, {"instruction": "Develop a strategy for improving user engagement with an online product.", "input": "", "output": "Improving user engagement with an online product requires a comprehensive strategy that addresses various aspects. Here are some steps to consider when developing such a strategy:\n\n1. Understand your users: The first step towards improving user engagement is to understand who your target audience is and what motivates them. Conduct surveys, focus groups, and analyze user data to gain insights into user behavior, preferences, and feedback.\n\n2. Personalize the experience: Users are more likely to engage with a product that delivers a personalized experience. Use the data collected to tailor content, recommendations, and messaging to individual users. \n\n3. Keep the content fresh: Ensure that the content on the platform is regularly updated, relevant and engaging. Keeping users informed about new features, updates or products can keep them interested and encourage them to keep coming back.\n\n4. Improve the user interface: A user-friendly, intuitive, and visually appealing interface can significantly improve user engagement. Consider implementing features such as easy navigation, clear onboarding, and quick load times.\n\n5. Gamification: Gamifying your product can drive engagement by tapping into users' competitive and playful nature. Consider implementing point systems, achievements, and rewards to incentivize users to engage with the product.\n\n6. Social integration: Integrating social media into your product can drive engagement by allowing users to share progress, compete with friends, or discover new content. Consider implementing features such as social media sharing and friend invites.\n\n7. Listen and respond to feedback: Encourage users to provide feedback and actively listen and respond to their suggestions, concerns, and complaints. This not only helps improve the product but also shows users that their feedback is valued, which can increase engagement.\n\n8. Monitor and analyze engagement: Finally, monitor and analyze user engagement data to identify trends, areas for improvement, and measure the effectiveness of your strategies. Use this information to make data-driven decisions and continuously improve user engagement.", "all_data": "*****INSTRUCTION:***** Develop a strategy for improving user engagement with an online product.\n\n*****OUTPUT:***** Improving user engagement with an online product requires a comprehensive strategy that addresses various aspects. Here are some steps to consider when developing such a strategy:\n\n1. Understand your users: The first step towards improving user engagement is to understand who your target audience is and what motivates them. Conduct surveys, focus groups, and analyze user data to gain insights into user behavior, preferences, and feedback.\n\n2. Personalize the experience: Users are more likely to engage with a product that delivers a personalized experience. Use the data collected to tailor content, recommendations, and messaging to individual users. \n\n3. Keep the content fresh: Ensure that the content on the platform is regularly updated, relevant and engaging. Keeping users informed about new features, updates or products can keep them interested and encourage them to keep coming back.\n\n4. Improve the user interface: A user-friendly, intuitive, and visually appealing interface can significantly improve user engagement. Consider implementing features such as easy navigation, clear onboarding, and quick load times.\n\n5. Gamification: Gamifying your product can drive engagement by tapping into users' competitive and playful nature. Consider implementing point systems, achievements, and rewards to incentivize users to engage with the product.\n\n6. Social integration: Integrating social media into your product can drive engagement by allowing users to share progress, compete with friends, or discover new content. Consider implementing features such as social media sharing and friend invites.\n\n7. Listen and respond to feedback: Encourage users to provide feedback and actively listen and respond to their suggestions, concerns, and complaints. This not only helps improve the product but also shows users that their feedback is valued, which can increase engagement.\n\n8. Monitor and analyze engagement: Finally, monitor and analyze user engagement data to identify trends, areas for improvement, and measure the effectiveness of your strategies. Use this information to make data-driven decisions and continuously improve user engagement.\n*****QUESTION:***** If there is an explanation: Does the explanation refer to commonsense concepts that are taken as given?", "index": 317}, {"instruction": "Develop a strategy for improving user engagement with an online product.", "input": "", "output": "Improving user engagement with an online product requires a comprehensive strategy that addresses various aspects. Here are some steps to consider when developing such a strategy:\n\n1. Understand your users: The first step towards improving user engagement is to understand who your target audience is and what motivates them. Conduct surveys, focus groups, and analyze user data to gain insights into user behavior, preferences, and feedback.\n\n2. Personalize the experience: Users are more likely to engage with a product that delivers a personalized experience. Use the data collected to tailor content, recommendations, and messaging to individual users. \n\n3. Keep the content fresh: Ensure that the content on the platform is regularly updated, relevant and engaging. Keeping users informed about new features, updates or products can keep them interested and encourage them to keep coming back.\n\n4. Improve the user interface: A user-friendly, intuitive, and visually appealing interface can significantly improve user engagement. Consider implementing features such as easy navigation, clear onboarding, and quick load times.\n\n5. Gamification: Gamifying your product can drive engagement by tapping into users' competitive and playful nature. Consider implementing point systems, achievements, and rewards to incentivize users to engage with the product.\n\n6. Social integration: Integrating social media into your product can drive engagement by allowing users to share progress, compete with friends, or discover new content. Consider implementing features such as social media sharing and friend invites.\n\n7. Listen and respond to feedback: Encourage users to provide feedback and actively listen and respond to their suggestions, concerns, and complaints. This not only helps improve the product but also shows users that their feedback is valued, which can increase engagement.\n\n8. Monitor and analyze engagement: Finally, monitor and analyze user engagement data to identify trends, areas for improvement, and measure the effectiveness of your strategies. Use this information to make data-driven decisions and continuously improve user engagement.", "all_data": "*****INSTRUCTION:***** Develop a strategy for improving user engagement with an online product.\n\n*****OUTPUT:***** Improving user engagement with an online product requires a comprehensive strategy that addresses various aspects. Here are some steps to consider when developing such a strategy:\n\n1. Understand your users: The first step towards improving user engagement is to understand who your target audience is and what motivates them. Conduct surveys, focus groups, and analyze user data to gain insights into user behavior, preferences, and feedback.\n\n2. Personalize the experience: Users are more likely to engage with a product that delivers a personalized experience. Use the data collected to tailor content, recommendations, and messaging to individual users. \n\n3. Keep the content fresh: Ensure that the content on the platform is regularly updated, relevant and engaging. Keeping users informed about new features, updates or products can keep them interested and encourage them to keep coming back.\n\n4. Improve the user interface: A user-friendly, intuitive, and visually appealing interface can significantly improve user engagement. Consider implementing features such as easy navigation, clear onboarding, and quick load times.\n\n5. Gamification: Gamifying your product can drive engagement by tapping into users' competitive and playful nature. Consider implementing point systems, achievements, and rewards to incentivize users to engage with the product.\n\n6. Social integration: Integrating social media into your product can drive engagement by allowing users to share progress, compete with friends, or discover new content. Consider implementing features such as social media sharing and friend invites.\n\n7. Listen and respond to feedback: Encourage users to provide feedback and actively listen and respond to their suggestions, concerns, and complaints. This not only helps improve the product but also shows users that their feedback is valued, which can increase engagement.\n\n8. Monitor and analyze engagement: Finally, monitor and analyze user engagement data to identify trends, areas for improvement, and measure the effectiveness of your strategies. Use this information to make data-driven decisions and continuously improve user engagement.\n*****QUESTION:***** If there is an explanation: Does the explanation list contributing factors?", "index": 318}, {"instruction": "Develop a strategy for improving user engagement with an online product.", "input": "", "output": "Improving user engagement with an online product requires a comprehensive strategy that addresses various aspects. Here are some steps to consider when developing such a strategy:\n\n1. Understand your users: The first step towards improving user engagement is to understand who your target audience is and what motivates them. Conduct surveys, focus groups, and analyze user data to gain insights into user behavior, preferences, and feedback.\n\n2. Personalize the experience: Users are more likely to engage with a product that delivers a personalized experience. Use the data collected to tailor content, recommendations, and messaging to individual users. \n\n3. Keep the content fresh: Ensure that the content on the platform is regularly updated, relevant and engaging. Keeping users informed about new features, updates or products can keep them interested and encourage them to keep coming back.\n\n4. Improve the user interface: A user-friendly, intuitive, and visually appealing interface can significantly improve user engagement. Consider implementing features such as easy navigation, clear onboarding, and quick load times.\n\n5. Gamification: Gamifying your product can drive engagement by tapping into users' competitive and playful nature. Consider implementing point systems, achievements, and rewards to incentivize users to engage with the product.\n\n6. Social integration: Integrating social media into your product can drive engagement by allowing users to share progress, compete with friends, or discover new content. Consider implementing features such as social media sharing and friend invites.\n\n7. Listen and respond to feedback: Encourage users to provide feedback and actively listen and respond to their suggestions, concerns, and complaints. This not only helps improve the product but also shows users that their feedback is valued, which can increase engagement.\n\n8. Monitor and analyze engagement: Finally, monitor and analyze user engagement data to identify trends, areas for improvement, and measure the effectiveness of your strategies. Use this information to make data-driven decisions and continuously improve user engagement.", "all_data": "*****INSTRUCTION:***** Develop a strategy for improving user engagement with an online product.\n\n*****OUTPUT:***** Improving user engagement with an online product requires a comprehensive strategy that addresses various aspects. Here are some steps to consider when developing such a strategy:\n\n1. Understand your users: The first step towards improving user engagement is to understand who your target audience is and what motivates them. Conduct surveys, focus groups, and analyze user data to gain insights into user behavior, preferences, and feedback.\n\n2. Personalize the experience: Users are more likely to engage with a product that delivers a personalized experience. Use the data collected to tailor content, recommendations, and messaging to individual users. \n\n3. Keep the content fresh: Ensure that the content on the platform is regularly updated, relevant and engaging. Keeping users informed about new features, updates or products can keep them interested and encourage them to keep coming back.\n\n4. Improve the user interface: A user-friendly, intuitive, and visually appealing interface can significantly improve user engagement. Consider implementing features such as easy navigation, clear onboarding, and quick load times.\n\n5. Gamification: Gamifying your product can drive engagement by tapping into users' competitive and playful nature. Consider implementing point systems, achievements, and rewards to incentivize users to engage with the product.\n\n6. Social integration: Integrating social media into your product can drive engagement by allowing users to share progress, compete with friends, or discover new content. Consider implementing features such as social media sharing and friend invites.\n\n7. Listen and respond to feedback: Encourage users to provide feedback and actively listen and respond to their suggestions, concerns, and complaints. This not only helps improve the product but also shows users that their feedback is valued, which can increase engagement.\n\n8. Monitor and analyze engagement: Finally, monitor and analyze user engagement data to identify trends, areas for improvement, and measure the effectiveness of your strategies. Use this information to make data-driven decisions and continuously improve user engagement.\n*****QUESTION:***** If there is an explanation: Does the explanation include subjective or biased criteria?", "index": 319}, {"instruction": "Develop a strategy for improving user engagement with an online product.", "input": "", "output": "Improving user engagement with an online product requires a comprehensive strategy that addresses various aspects. Here are some steps to consider when developing such a strategy:\n\n1. Understand your users: The first step towards improving user engagement is to understand who your target audience is and what motivates them. Conduct surveys, focus groups, and analyze user data to gain insights into user behavior, preferences, and feedback.\n\n2. Personalize the experience: Users are more likely to engage with a product that delivers a personalized experience. Use the data collected to tailor content, recommendations, and messaging to individual users. \n\n3. Keep the content fresh: Ensure that the content on the platform is regularly updated, relevant and engaging. Keeping users informed about new features, updates or products can keep them interested and encourage them to keep coming back.\n\n4. Improve the user interface: A user-friendly, intuitive, and visually appealing interface can significantly improve user engagement. Consider implementing features such as easy navigation, clear onboarding, and quick load times.\n\n5. Gamification: Gamifying your product can drive engagement by tapping into users' competitive and playful nature. Consider implementing point systems, achievements, and rewards to incentivize users to engage with the product.\n\n6. Social integration: Integrating social media into your product can drive engagement by allowing users to share progress, compete with friends, or discover new content. Consider implementing features such as social media sharing and friend invites.\n\n7. Listen and respond to feedback: Encourage users to provide feedback and actively listen and respond to their suggestions, concerns, and complaints. This not only helps improve the product but also shows users that their feedback is valued, which can increase engagement.\n\n8. Monitor and analyze engagement: Finally, monitor and analyze user engagement data to identify trends, areas for improvement, and measure the effectiveness of your strategies. Use this information to make data-driven decisions and continuously improve user engagement.", "all_data": "*****INSTRUCTION:***** Develop a strategy for improving user engagement with an online product.\n\n*****OUTPUT:***** Improving user engagement with an online product requires a comprehensive strategy that addresses various aspects. Here are some steps to consider when developing such a strategy:\n\n1. Understand your users: The first step towards improving user engagement is to understand who your target audience is and what motivates them. Conduct surveys, focus groups, and analyze user data to gain insights into user behavior, preferences, and feedback.\n\n2. Personalize the experience: Users are more likely to engage with a product that delivers a personalized experience. Use the data collected to tailor content, recommendations, and messaging to individual users. \n\n3. Keep the content fresh: Ensure that the content on the platform is regularly updated, relevant and engaging. Keeping users informed about new features, updates or products can keep them interested and encourage them to keep coming back.\n\n4. Improve the user interface: A user-friendly, intuitive, and visually appealing interface can significantly improve user engagement. Consider implementing features such as easy navigation, clear onboarding, and quick load times.\n\n5. Gamification: Gamifying your product can drive engagement by tapping into users' competitive and playful nature. Consider implementing point systems, achievements, and rewards to incentivize users to engage with the product.\n\n6. Social integration: Integrating social media into your product can drive engagement by allowing users to share progress, compete with friends, or discover new content. Consider implementing features such as social media sharing and friend invites.\n\n7. Listen and respond to feedback: Encourage users to provide feedback and actively listen and respond to their suggestions, concerns, and complaints. This not only helps improve the product but also shows users that their feedback is valued, which can increase engagement.\n\n8. Monitor and analyze engagement: Finally, monitor and analyze user engagement data to identify trends, areas for improvement, and measure the effectiveness of your strategies. Use this information to make data-driven decisions and continuously improve user engagement.\n*****QUESTION:***** If there is an explanation: Does the explanation include illustrative elements (e.g. examples)?", "index": 320}, {"instruction": "Develop a strategy for improving user engagement with an online product.", "input": "", "output": "Improving user engagement with an online product requires a comprehensive strategy that addresses various aspects. Here are some steps to consider when developing such a strategy:\n\n1. Understand your users: The first step towards improving user engagement is to understand who your target audience is and what motivates them. Conduct surveys, focus groups, and analyze user data to gain insights into user behavior, preferences, and feedback.\n\n2. Personalize the experience: Users are more likely to engage with a product that delivers a personalized experience. Use the data collected to tailor content, recommendations, and messaging to individual users. \n\n3. Keep the content fresh: Ensure that the content on the platform is regularly updated, relevant and engaging. Keeping users informed about new features, updates or products can keep them interested and encourage them to keep coming back.\n\n4. Improve the user interface: A user-friendly, intuitive, and visually appealing interface can significantly improve user engagement. Consider implementing features such as easy navigation, clear onboarding, and quick load times.\n\n5. Gamification: Gamifying your product can drive engagement by tapping into users' competitive and playful nature. Consider implementing point systems, achievements, and rewards to incentivize users to engage with the product.\n\n6. Social integration: Integrating social media into your product can drive engagement by allowing users to share progress, compete with friends, or discover new content. Consider implementing features such as social media sharing and friend invites.\n\n7. Listen and respond to feedback: Encourage users to provide feedback and actively listen and respond to their suggestions, concerns, and complaints. This not only helps improve the product but also shows users that their feedback is valued, which can increase engagement.\n\n8. Monitor and analyze engagement: Finally, monitor and analyze user engagement data to identify trends, areas for improvement, and measure the effectiveness of your strategies. Use this information to make data-driven decisions and continuously improve user engagement.", "all_data": "*****INSTRUCTION:***** Develop a strategy for improving user engagement with an online product.\n\n*****OUTPUT:***** Improving user engagement with an online product requires a comprehensive strategy that addresses various aspects. Here are some steps to consider when developing such a strategy:\n\n1. Understand your users: The first step towards improving user engagement is to understand who your target audience is and what motivates them. Conduct surveys, focus groups, and analyze user data to gain insights into user behavior, preferences, and feedback.\n\n2. Personalize the experience: Users are more likely to engage with a product that delivers a personalized experience. Use the data collected to tailor content, recommendations, and messaging to individual users. \n\n3. Keep the content fresh: Ensure that the content on the platform is regularly updated, relevant and engaging. Keeping users informed about new features, updates or products can keep them interested and encourage them to keep coming back.\n\n4. Improve the user interface: A user-friendly, intuitive, and visually appealing interface can significantly improve user engagement. Consider implementing features such as easy navigation, clear onboarding, and quick load times.\n\n5. Gamification: Gamifying your product can drive engagement by tapping into users' competitive and playful nature. Consider implementing point systems, achievements, and rewards to incentivize users to engage with the product.\n\n6. Social integration: Integrating social media into your product can drive engagement by allowing users to share progress, compete with friends, or discover new content. Consider implementing features such as social media sharing and friend invites.\n\n7. Listen and respond to feedback: Encourage users to provide feedback and actively listen and respond to their suggestions, concerns, and complaints. This not only helps improve the product but also shows users that their feedback is valued, which can increase engagement.\n\n8. Monitor and analyze engagement: Finally, monitor and analyze user engagement data to identify trends, areas for improvement, and measure the effectiveness of your strategies. Use this information to make data-driven decisions and continuously improve user engagement.\n*****QUESTION:***** If there is an explanation: Is the explanation misleading (e.g. arguing for a label that is wrong)?", "index": 321}, {"instruction": "Generate a question that someone could ask a new person they have just met.", "input": "", "output": "What brought you to this place/event, and what do you hope to gain from your experience here?", "all_data": "*****INSTRUCTION:***** Generate a question that someone could ask a new person they have just met.\n\n*****OUTPUT:***** What brought you to this place/event, and what do you hope to gain from your experience here?\n*****QUESTION:***** Does the output contain an explanation for the prediction?", "index": 322}, {"instruction": "Generate a question that someone could ask a new person they have just met.", "input": "", "output": "What brought you to this place/event, and what do you hope to gain from your experience here?", "all_data": "*****INSTRUCTION:***** Generate a question that someone could ask a new person they have just met.\n\n*****OUTPUT:***** What brought you to this place/event, and what do you hope to gain from your experience here?\n*****QUESTION:***** Would you give an explanation/justify your reasoning if you were asked this question by a friend?", "index": 323}, {"instruction": "Generate a question that someone could ask a new person they have just met.", "input": "", "output": "What brought you to this place/event, and what do you hope to gain from your experience here?", "all_data": "*****INSTRUCTION:***** Generate a question that someone could ask a new person they have just met.\n\n*****OUTPUT:***** What brought you to this place/event, and what do you hope to gain from your experience here?\n*****QUESTION:***** If there is an explanation: Does the explanation refer to commonsense concepts that are taken as given?", "index": 324}, {"instruction": "Generate a question that someone could ask a new person they have just met.", "input": "", "output": "What brought you to this place/event, and what do you hope to gain from your experience here?", "all_data": "*****INSTRUCTION:***** Generate a question that someone could ask a new person they have just met.\n\n*****OUTPUT:***** What brought you to this place/event, and what do you hope to gain from your experience here?\n*****QUESTION:***** If there is an explanation: Does the explanation list contributing factors?", "index": 325}, {"instruction": "Generate a question that someone could ask a new person they have just met.", "input": "", "output": "What brought you to this place/event, and what do you hope to gain from your experience here?", "all_data": "*****INSTRUCTION:***** Generate a question that someone could ask a new person they have just met.\n\n*****OUTPUT:***** What brought you to this place/event, and what do you hope to gain from your experience here?\n*****QUESTION:***** If there is an explanation: Does the explanation include subjective or biased criteria?", "index": 326}, {"instruction": "Generate a question that someone could ask a new person they have just met.", "input": "", "output": "What brought you to this place/event, and what do you hope to gain from your experience here?", "all_data": "*****INSTRUCTION:***** Generate a question that someone could ask a new person they have just met.\n\n*****OUTPUT:***** What brought you to this place/event, and what do you hope to gain from your experience here?\n*****QUESTION:***** If there is an explanation: Does the explanation include illustrative elements (e.g. examples)?", "index": 327}, {"instruction": "Generate a question that someone could ask a new person they have just met.", "input": "", "output": "What brought you to this place/event, and what do you hope to gain from your experience here?", "all_data": "*****INSTRUCTION:***** Generate a question that someone could ask a new person they have just met.\n\n*****OUTPUT:***** What brought you to this place/event, and what do you hope to gain from your experience here?\n*****QUESTION:***** If there is an explanation: Is the explanation misleading (e.g. arguing for a label that is wrong)?", "index": 328}, {"instruction": "Identify the language of the text \"Buonasera, il mio nome e Giuseppe.\"", "input": "", "output": "The language of the text \"Buonasera, il mio nome e Giuseppe\" is Italian.", "all_data": "*****INSTRUCTION:***** Identify the language of the text \"Buonasera, il mio nome e Giuseppe.\"\n\n*****OUTPUT:***** The language of the text \"Buonasera, il mio nome e Giuseppe\" is Italian.\n*****QUESTION:***** Does the output contain an explanation for the prediction?", "index": 329}, {"instruction": "Identify the language of the text \"Buonasera, il mio nome e Giuseppe.\"", "input": "", "output": "The language of the text \"Buonasera, il mio nome e Giuseppe\" is Italian.", "all_data": "*****INSTRUCTION:***** Identify the language of the text \"Buonasera, il mio nome e Giuseppe.\"\n\n*****OUTPUT:***** The language of the text \"Buonasera, il mio nome e Giuseppe\" is Italian.\n*****QUESTION:***** Would you give an explanation/justify your reasoning if you were asked this question by a friend?", "index": 330}, {"instruction": "Identify the language of the text \"Buonasera, il mio nome e Giuseppe.\"", "input": "", "output": "The language of the text \"Buonasera, il mio nome e Giuseppe\" is Italian.", "all_data": "*****INSTRUCTION:***** Identify the language of the text \"Buonasera, il mio nome e Giuseppe.\"\n\n*****OUTPUT:***** The language of the text \"Buonasera, il mio nome e Giuseppe\" is Italian.\n*****QUESTION:***** If there is an explanation: Does the explanation refer to commonsense concepts that are taken as given?", "index": 331}, {"instruction": "Identify the language of the text \"Buonasera, il mio nome e Giuseppe.\"", "input": "", "output": "The language of the text \"Buonasera, il mio nome e Giuseppe\" is Italian.", "all_data": "*****INSTRUCTION:***** Identify the language of the text \"Buonasera, il mio nome e Giuseppe.\"\n\n*****OUTPUT:***** The language of the text \"Buonasera, il mio nome e Giuseppe\" is Italian.\n*****QUESTION:***** If there is an explanation: Does the explanation list contributing factors?", "index": 332}, {"instruction": "Identify the language of the text \"Buonasera, il mio nome e Giuseppe.\"", "input": "", "output": "The language of the text \"Buonasera, il mio nome e Giuseppe\" is Italian.", "all_data": "*****INSTRUCTION:***** Identify the language of the text \"Buonasera, il mio nome e Giuseppe.\"\n\n*****OUTPUT:***** The language of the text \"Buonasera, il mio nome e Giuseppe\" is Italian.\n*****QUESTION:***** If there is an explanation: Does the explanation include subjective or biased criteria?", "index": 333}, {"instruction": "Identify the language of the text \"Buonasera, il mio nome e Giuseppe.\"", "input": "", "output": "The language of the text \"Buonasera, il mio nome e Giuseppe\" is Italian.", "all_data": "*****INSTRUCTION:***** Identify the language of the text \"Buonasera, il mio nome e Giuseppe.\"\n\n*****OUTPUT:***** The language of the text \"Buonasera, il mio nome e Giuseppe\" is Italian.\n*****QUESTION:***** If there is an explanation: Does the explanation include illustrative elements (e.g. examples)?", "index": 334}, {"instruction": "Identify the language of the text \"Buonasera, il mio nome e Giuseppe.\"", "input": "", "output": "The language of the text \"Buonasera, il mio nome e Giuseppe\" is Italian.", "all_data": "*****INSTRUCTION:***** Identify the language of the text \"Buonasera, il mio nome e Giuseppe.\"\n\n*****OUTPUT:***** The language of the text \"Buonasera, il mio nome e Giuseppe\" is Italian.\n*****QUESTION:***** If there is an explanation: Is the explanation misleading (e.g. arguing for a label that is wrong)?", "index": 335}, {"instruction": "Give an example of an animal that is not endangered", "input": "", "output": "The domestic cat (Felis catus) is an example of an animal that is not endangered. They are a common household pet and can be found all over the world, with stable populations.", "all_data": "*****INSTRUCTION:***** Give an example of an animal that is not endangered\n\n*****OUTPUT:***** The domestic cat (Felis catus) is an example of an animal that is not endangered. They are a common household pet and can be found all over the world, with stable populations.\n*****QUESTION:***** Does the output contain an explanation for the prediction?", "index": 336}, {"instruction": "Give an example of an animal that is not endangered", "input": "", "output": "The domestic cat (Felis catus) is an example of an animal that is not endangered. They are a common household pet and can be found all over the world, with stable populations.", "all_data": "*****INSTRUCTION:***** Give an example of an animal that is not endangered\n\n*****OUTPUT:***** The domestic cat (Felis catus) is an example of an animal that is not endangered. They are a common household pet and can be found all over the world, with stable populations.\n*****QUESTION:***** Would you give an explanation/justify your reasoning if you were asked this question by a friend?", "index": 337}, {"instruction": "Give an example of an animal that is not endangered", "input": "", "output": "The domestic cat (Felis catus) is an example of an animal that is not endangered. They are a common household pet and can be found all over the world, with stable populations.", "all_data": "*****INSTRUCTION:***** Give an example of an animal that is not endangered\n\n*****OUTPUT:***** The domestic cat (Felis catus) is an example of an animal that is not endangered. They are a common household pet and can be found all over the world, with stable populations.\n*****QUESTION:***** If there is an explanation: Does the explanation refer to commonsense concepts that are taken as given?", "index": 338}, {"instruction": "Give an example of an animal that is not endangered", "input": "", "output": "The domestic cat (Felis catus) is an example of an animal that is not endangered. They are a common household pet and can be found all over the world, with stable populations.", "all_data": "*****INSTRUCTION:***** Give an example of an animal that is not endangered\n\n*****OUTPUT:***** The domestic cat (Felis catus) is an example of an animal that is not endangered. They are a common household pet and can be found all over the world, with stable populations.\n*****QUESTION:***** If there is an explanation: Does the explanation list contributing factors?", "index": 339}, {"instruction": "Give an example of an animal that is not endangered", "input": "", "output": "The domestic cat (Felis catus) is an example of an animal that is not endangered. They are a common household pet and can be found all over the world, with stable populations.", "all_data": "*****INSTRUCTION:***** Give an example of an animal that is not endangered\n\n*****OUTPUT:***** The domestic cat (Felis catus) is an example of an animal that is not endangered. They are a common household pet and can be found all over the world, with stable populations.\n*****QUESTION:***** If there is an explanation: Does the explanation include subjective or biased criteria?", "index": 340}, {"instruction": "Give an example of an animal that is not endangered", "input": "", "output": "The domestic cat (Felis catus) is an example of an animal that is not endangered. They are a common household pet and can be found all over the world, with stable populations.", "all_data": "*****INSTRUCTION:***** Give an example of an animal that is not endangered\n\n*****OUTPUT:***** The domestic cat (Felis catus) is an example of an animal that is not endangered. They are a common household pet and can be found all over the world, with stable populations.\n*****QUESTION:***** If there is an explanation: Does the explanation include illustrative elements (e.g. examples)?", "index": 341}, {"instruction": "Give an example of an animal that is not endangered", "input": "", "output": "The domestic cat (Felis catus) is an example of an animal that is not endangered. They are a common household pet and can be found all over the world, with stable populations.", "all_data": "*****INSTRUCTION:***** Give an example of an animal that is not endangered\n\n*****OUTPUT:***** The domestic cat (Felis catus) is an example of an animal that is not endangered. They are a common household pet and can be found all over the world, with stable populations.\n*****QUESTION:***** If there is an explanation: Is the explanation misleading (e.g. arguing for a label that is wrong)?", "index": 342}, {"instruction": "Given a natural language question, generate an appropriate response.", "input": "What is the best type of music to listen to when studying?", "output": "There is no definitive answer to this question as the best type of music to listen to when studying can vary greatly from person to person. Some people find that classical music or instrumental music helps them to focus and concentrate better, while others may prefer ambient or white noise. Ultimately, it depends on your personal preferences and what helps you to be the most productive while you study. Experiment with different types of music to see what works best for you.", "all_data": "*****INSTRUCTION:***** Given a natural language question, generate an appropriate response.\nWhat is the best type of music to listen to when studying?\n*****OUTPUT:***** There is no definitive answer to this question as the best type of music to listen to when studying can vary greatly from person to person. Some people find that classical music or instrumental music helps them to focus and concentrate better, while others may prefer ambient or white noise. Ultimately, it depends on your personal preferences and what helps you to be the most productive while you study. Experiment with different types of music to see what works best for you.\n*****QUESTION:***** Does the output contain an explanation for the prediction?", "index": 343}, {"instruction": "Given a natural language question, generate an appropriate response.", "input": "What is the best type of music to listen to when studying?", "output": "There is no definitive answer to this question as the best type of music to listen to when studying can vary greatly from person to person. Some people find that classical music or instrumental music helps them to focus and concentrate better, while others may prefer ambient or white noise. Ultimately, it depends on your personal preferences and what helps you to be the most productive while you study. Experiment with different types of music to see what works best for you.", "all_data": "*****INSTRUCTION:***** Given a natural language question, generate an appropriate response.\nWhat is the best type of music to listen to when studying?\n*****OUTPUT:***** There is no definitive answer to this question as the best type of music to listen to when studying can vary greatly from person to person. Some people find that classical music or instrumental music helps them to focus and concentrate better, while others may prefer ambient or white noise. Ultimately, it depends on your personal preferences and what helps you to be the most productive while you study. Experiment with different types of music to see what works best for you.\n*****QUESTION:***** Would you give an explanation/justify your reasoning if you were asked this question by a friend?", "index": 344}, {"instruction": "Given a natural language question, generate an appropriate response.", "input": "What is the best type of music to listen to when studying?", "output": "There is no definitive answer to this question as the best type of music to listen to when studying can vary greatly from person to person. Some people find that classical music or instrumental music helps them to focus and concentrate better, while others may prefer ambient or white noise. Ultimately, it depends on your personal preferences and what helps you to be the most productive while you study. Experiment with different types of music to see what works best for you.", "all_data": "*****INSTRUCTION:***** Given a natural language question, generate an appropriate response.\nWhat is the best type of music to listen to when studying?\n*****OUTPUT:***** There is no definitive answer to this question as the best type of music to listen to when studying can vary greatly from person to person. Some people find that classical music or instrumental music helps them to focus and concentrate better, while others may prefer ambient or white noise. Ultimately, it depends on your personal preferences and what helps you to be the most productive while you study. Experiment with different types of music to see what works best for you.\n*****QUESTION:***** If there is an explanation: Does the explanation refer to commonsense concepts that are taken as given?", "index": 345}, {"instruction": "Given a natural language question, generate an appropriate response.", "input": "What is the best type of music to listen to when studying?", "output": "There is no definitive answer to this question as the best type of music to listen to when studying can vary greatly from person to person. Some people find that classical music or instrumental music helps them to focus and concentrate better, while others may prefer ambient or white noise. Ultimately, it depends on your personal preferences and what helps you to be the most productive while you study. Experiment with different types of music to see what works best for you.", "all_data": "*****INSTRUCTION:***** Given a natural language question, generate an appropriate response.\nWhat is the best type of music to listen to when studying?\n*****OUTPUT:***** There is no definitive answer to this question as the best type of music to listen to when studying can vary greatly from person to person. Some people find that classical music or instrumental music helps them to focus and concentrate better, while others may prefer ambient or white noise. Ultimately, it depends on your personal preferences and what helps you to be the most productive while you study. Experiment with different types of music to see what works best for you.\n*****QUESTION:***** If there is an explanation: Does the explanation list contributing factors?", "index": 346}, {"instruction": "Given a natural language question, generate an appropriate response.", "input": "What is the best type of music to listen to when studying?", "output": "There is no definitive answer to this question as the best type of music to listen to when studying can vary greatly from person to person. Some people find that classical music or instrumental music helps them to focus and concentrate better, while others may prefer ambient or white noise. Ultimately, it depends on your personal preferences and what helps you to be the most productive while you study. Experiment with different types of music to see what works best for you.", "all_data": "*****INSTRUCTION:***** Given a natural language question, generate an appropriate response.\nWhat is the best type of music to listen to when studying?\n*****OUTPUT:***** There is no definitive answer to this question as the best type of music to listen to when studying can vary greatly from person to person. Some people find that classical music or instrumental music helps them to focus and concentrate better, while others may prefer ambient or white noise. Ultimately, it depends on your personal preferences and what helps you to be the most productive while you study. Experiment with different types of music to see what works best for you.\n*****QUESTION:***** If there is an explanation: Does the explanation include subjective or biased criteria?", "index": 347}, {"instruction": "Given a natural language question, generate an appropriate response.", "input": "What is the best type of music to listen to when studying?", "output": "There is no definitive answer to this question as the best type of music to listen to when studying can vary greatly from person to person. Some people find that classical music or instrumental music helps them to focus and concentrate better, while others may prefer ambient or white noise. Ultimately, it depends on your personal preferences and what helps you to be the most productive while you study. Experiment with different types of music to see what works best for you.", "all_data": "*****INSTRUCTION:***** Given a natural language question, generate an appropriate response.\nWhat is the best type of music to listen to when studying?\n*****OUTPUT:***** There is no definitive answer to this question as the best type of music to listen to when studying can vary greatly from person to person. Some people find that classical music or instrumental music helps them to focus and concentrate better, while others may prefer ambient or white noise. Ultimately, it depends on your personal preferences and what helps you to be the most productive while you study. Experiment with different types of music to see what works best for you.\n*****QUESTION:***** If there is an explanation: Does the explanation include illustrative elements (e.g. examples)?", "index": 348}, {"instruction": "Given a natural language question, generate an appropriate response.", "input": "What is the best type of music to listen to when studying?", "output": "There is no definitive answer to this question as the best type of music to listen to when studying can vary greatly from person to person. Some people find that classical music or instrumental music helps them to focus and concentrate better, while others may prefer ambient or white noise. Ultimately, it depends on your personal preferences and what helps you to be the most productive while you study. Experiment with different types of music to see what works best for you.", "all_data": "*****INSTRUCTION:***** Given a natural language question, generate an appropriate response.\nWhat is the best type of music to listen to when studying?\n*****OUTPUT:***** There is no definitive answer to this question as the best type of music to listen to when studying can vary greatly from person to person. Some people find that classical music or instrumental music helps them to focus and concentrate better, while others may prefer ambient or white noise. Ultimately, it depends on your personal preferences and what helps you to be the most productive while you study. Experiment with different types of music to see what works best for you.\n*****QUESTION:***** If there is an explanation: Is the explanation misleading (e.g. arguing for a label that is wrong)?", "index": 349}, {"instruction": "Is the following sentence true or false? All atoms of the same element have the same mass.", "input": "", "output": "The statement is False. This is because while all atoms of the same element have the same number of protons, they can have different numbers of neutrons. Atoms of the same element with different numbers of neutrons are called isotopes, and they have different masses due to the difference in the number of neutrons.", "all_data": "*****INSTRUCTION:***** Is the following sentence true or false? All atoms of the same element have the same mass.\n\n*****OUTPUT:***** The statement is False. This is because while all atoms of the same element have the same number of protons, they can have different numbers of neutrons. Atoms of the same element with different numbers of neutrons are called isotopes, and they have different masses due to the difference in the number of neutrons.\n*****QUESTION:***** Does the output contain an explanation for the prediction?", "index": 350}, {"instruction": "Is the following sentence true or false? All atoms of the same element have the same mass.", "input": "", "output": "The statement is False. This is because while all atoms of the same element have the same number of protons, they can have different numbers of neutrons. Atoms of the same element with different numbers of neutrons are called isotopes, and they have different masses due to the difference in the number of neutrons.", "all_data": "*****INSTRUCTION:***** Is the following sentence true or false? All atoms of the same element have the same mass.\n\n*****OUTPUT:***** The statement is False. This is because while all atoms of the same element have the same number of protons, they can have different numbers of neutrons. Atoms of the same element with different numbers of neutrons are called isotopes, and they have different masses due to the difference in the number of neutrons.\n*****QUESTION:***** Would you give an explanation/justify your reasoning if you were asked this question by a friend?", "index": 351}, {"instruction": "Is the following sentence true or false? All atoms of the same element have the same mass.", "input": "", "output": "The statement is False. This is because while all atoms of the same element have the same number of protons, they can have different numbers of neutrons. Atoms of the same element with different numbers of neutrons are called isotopes, and they have different masses due to the difference in the number of neutrons.", "all_data": "*****INSTRUCTION:***** Is the following sentence true or false? All atoms of the same element have the same mass.\n\n*****OUTPUT:***** The statement is False. This is because while all atoms of the same element have the same number of protons, they can have different numbers of neutrons. Atoms of the same element with different numbers of neutrons are called isotopes, and they have different masses due to the difference in the number of neutrons.\n*****QUESTION:***** If there is an explanation: Does the explanation refer to commonsense concepts that are taken as given?", "index": 352}, {"instruction": "Is the following sentence true or false? All atoms of the same element have the same mass.", "input": "", "output": "The statement is False. This is because while all atoms of the same element have the same number of protons, they can have different numbers of neutrons. Atoms of the same element with different numbers of neutrons are called isotopes, and they have different masses due to the difference in the number of neutrons.", "all_data": "*****INSTRUCTION:***** Is the following sentence true or false? All atoms of the same element have the same mass.\n\n*****OUTPUT:***** The statement is False. This is because while all atoms of the same element have the same number of protons, they can have different numbers of neutrons. Atoms of the same element with different numbers of neutrons are called isotopes, and they have different masses due to the difference in the number of neutrons.\n*****QUESTION:***** If there is an explanation: Does the explanation list contributing factors?", "index": 353}, {"instruction": "Is the following sentence true or false? All atoms of the same element have the same mass.", "input": "", "output": "The statement is False. This is because while all atoms of the same element have the same number of protons, they can have different numbers of neutrons. Atoms of the same element with different numbers of neutrons are called isotopes, and they have different masses due to the difference in the number of neutrons.", "all_data": "*****INSTRUCTION:***** Is the following sentence true or false? All atoms of the same element have the same mass.\n\n*****OUTPUT:***** The statement is False. This is because while all atoms of the same element have the same number of protons, they can have different numbers of neutrons. Atoms of the same element with different numbers of neutrons are called isotopes, and they have different masses due to the difference in the number of neutrons.\n*****QUESTION:***** If there is an explanation: Does the explanation include subjective or biased criteria?", "index": 354}, {"instruction": "Is the following sentence true or false? All atoms of the same element have the same mass.", "input": "", "output": "The statement is False. This is because while all atoms of the same element have the same number of protons, they can have different numbers of neutrons. Atoms of the same element with different numbers of neutrons are called isotopes, and they have different masses due to the difference in the number of neutrons.", "all_data": "*****INSTRUCTION:***** Is the following sentence true or false? All atoms of the same element have the same mass.\n\n*****OUTPUT:***** The statement is False. This is because while all atoms of the same element have the same number of protons, they can have different numbers of neutrons. Atoms of the same element with different numbers of neutrons are called isotopes, and they have different masses due to the difference in the number of neutrons.\n*****QUESTION:***** If there is an explanation: Does the explanation include illustrative elements (e.g. examples)?", "index": 355}, {"instruction": "Is the following sentence true or false? All atoms of the same element have the same mass.", "input": "", "output": "The statement is False. This is because while all atoms of the same element have the same number of protons, they can have different numbers of neutrons. Atoms of the same element with different numbers of neutrons are called isotopes, and they have different masses due to the difference in the number of neutrons.", "all_data": "*****INSTRUCTION:***** Is the following sentence true or false? All atoms of the same element have the same mass.\n\n*****OUTPUT:***** The statement is False. This is because while all atoms of the same element have the same number of protons, they can have different numbers of neutrons. Atoms of the same element with different numbers of neutrons are called isotopes, and they have different masses due to the difference in the number of neutrons.\n*****QUESTION:***** If there is an explanation: Is the explanation misleading (e.g. arguing for a label that is wrong)?", "index": 356}, {"instruction": "Given two words, name another word that is related to both.", "input": "Light, Blue", "output": "Sky", "all_data": "*****INSTRUCTION:***** Given two words, name another word that is related to both.\nLight, Blue\n*****OUTPUT:***** Sky\n*****QUESTION:***** Does the output contain an explanation for the prediction?", "index": 357}, {"instruction": "Given two words, name another word that is related to both.", "input": "Light, Blue", "output": "Sky", "all_data": "*****INSTRUCTION:***** Given two words, name another word that is related to both.\nLight, Blue\n*****OUTPUT:***** Sky\n*****QUESTION:***** Would you give an explanation/justify your reasoning if you were asked this question by a friend?", "index": 358}, {"instruction": "Given two words, name another word that is related to both.", "input": "Light, Blue", "output": "Sky", "all_data": "*****INSTRUCTION:***** Given two words, name another word that is related to both.\nLight, Blue\n*****OUTPUT:***** Sky\n*****QUESTION:***** If there is an explanation: Does the explanation refer to commonsense concepts that are taken as given?", "index": 359}, {"instruction": "Given two words, name another word that is related to both.", "input": "Light, Blue", "output": "Sky", "all_data": "*****INSTRUCTION:***** Given two words, name another word that is related to both.\nLight, Blue\n*****OUTPUT:***** Sky\n*****QUESTION:***** If there is an explanation: Does the explanation list contributing factors?", "index": 360}, {"instruction": "Given two words, name another word that is related to both.", "input": "Light, Blue", "output": "Sky", "all_data": "*****INSTRUCTION:***** Given two words, name another word that is related to both.\nLight, Blue\n*****OUTPUT:***** Sky\n*****QUESTION:***** If there is an explanation: Does the explanation include subjective or biased criteria?", "index": 361}, {"instruction": "Given two words, name another word that is related to both.", "input": "Light, Blue", "output": "Sky", "all_data": "*****INSTRUCTION:***** Given two words, name another word that is related to both.\nLight, Blue\n*****OUTPUT:***** Sky\n*****QUESTION:***** If there is an explanation: Does the explanation include illustrative elements (e.g. examples)?", "index": 362}, {"instruction": "Given two words, name another word that is related to both.", "input": "Light, Blue", "output": "Sky", "all_data": "*****INSTRUCTION:***** Given two words, name another word that is related to both.\nLight, Blue\n*****OUTPUT:***** Sky\n*****QUESTION:***** If there is an explanation: Is the explanation misleading (e.g. arguing for a label that is wrong)?", "index": 363}, {"instruction": "Are the following two words synonyms?", "input": "Jubilant and ecstatic", "output": "Yes, both words refer to an extreme feeling of happiness or joy. They are synonyms.", "all_data": "*****INSTRUCTION:***** Are the following two words synonyms?\nJubilant and ecstatic\n*****OUTPUT:***** Yes, both words refer to an extreme feeling of happiness or joy. They are synonyms.\n*****QUESTION:***** Does the output contain an explanation for the prediction?", "index": 364}, {"instruction": "Are the following two words synonyms?", "input": "Jubilant and ecstatic", "output": "Yes, both words refer to an extreme feeling of happiness or joy. They are synonyms.", "all_data": "*****INSTRUCTION:***** Are the following two words synonyms?\nJubilant and ecstatic\n*****OUTPUT:***** Yes, both words refer to an extreme feeling of happiness or joy. They are synonyms.\n*****QUESTION:***** Would you give an explanation/justify your reasoning if you were asked this question by a friend?", "index": 365}, {"instruction": "Are the following two words synonyms?", "input": "Jubilant and ecstatic", "output": "Yes, both words refer to an extreme feeling of happiness or joy. They are synonyms.", "all_data": "*****INSTRUCTION:***** Are the following two words synonyms?\nJubilant and ecstatic\n*****OUTPUT:***** Yes, both words refer to an extreme feeling of happiness or joy. They are synonyms.\n*****QUESTION:***** If there is an explanation: Does the explanation refer to commonsense concepts that are taken as given?", "index": 366}, {"instruction": "Are the following two words synonyms?", "input": "Jubilant and ecstatic", "output": "Yes, both words refer to an extreme feeling of happiness or joy. They are synonyms.", "all_data": "*****INSTRUCTION:***** Are the following two words synonyms?\nJubilant and ecstatic\n*****OUTPUT:***** Yes, both words refer to an extreme feeling of happiness or joy. They are synonyms.\n*****QUESTION:***** If there is an explanation: Does the explanation list contributing factors?", "index": 367}, {"instruction": "Are the following two words synonyms?", "input": "Jubilant and ecstatic", "output": "Yes, both words refer to an extreme feeling of happiness or joy. They are synonyms.", "all_data": "*****INSTRUCTION:***** Are the following two words synonyms?\nJubilant and ecstatic\n*****OUTPUT:***** Yes, both words refer to an extreme feeling of happiness or joy. They are synonyms.\n*****QUESTION:***** If there is an explanation: Does the explanation include subjective or biased criteria?", "index": 368}, {"instruction": "Are the following two words synonyms?", "input": "Jubilant and ecstatic", "output": "Yes, both words refer to an extreme feeling of happiness or joy. They are synonyms.", "all_data": "*****INSTRUCTION:***** Are the following two words synonyms?\nJubilant and ecstatic\n*****OUTPUT:***** Yes, both words refer to an extreme feeling of happiness or joy. They are synonyms.\n*****QUESTION:***** If there is an explanation: Does the explanation include illustrative elements (e.g. examples)?", "index": 369}, {"instruction": "Are the following two words synonyms?", "input": "Jubilant and ecstatic", "output": "Yes, both words refer to an extreme feeling of happiness or joy. They are synonyms.", "all_data": "*****INSTRUCTION:***** Are the following two words synonyms?\nJubilant and ecstatic\n*****OUTPUT:***** Yes, both words refer to an extreme feeling of happiness or joy. They are synonyms.\n*****QUESTION:***** If there is an explanation: Is the explanation misleading (e.g. arguing for a label that is wrong)?", "index": 370}, {"instruction": "Come up with one way to use the following material:", "input": "Cotton fabric", "output": "One way to use cotton fabric is to create reusable, eco-friendly tote bags. These bags are durable, washable and can be used for grocery shopping, trips to the beach or as an everyday carry-all. Being made from cotton, a natural and biodegradable material, the bags are also environmentally friendly, reducing the need for single-use plastic bags. Additionally, the cotton fabric can be dyed or printed with creative designs to add a personal touch to the bags.", "all_data": "*****INSTRUCTION:***** Come up with one way to use the following material:\nCotton fabric\n*****OUTPUT:***** One way to use cotton fabric is to create reusable, eco-friendly tote bags. These bags are durable, washable and can be used for grocery shopping, trips to the beach or as an everyday carry-all. Being made from cotton, a natural and biodegradable material, the bags are also environmentally friendly, reducing the need for single-use plastic bags. Additionally, the cotton fabric can be dyed or printed with creative designs to add a personal touch to the bags.\n*****QUESTION:***** Does the output contain an explanation for the prediction?", "index": 371}, {"instruction": "Come up with one way to use the following material:", "input": "Cotton fabric", "output": "One way to use cotton fabric is to create reusable, eco-friendly tote bags. These bags are durable, washable and can be used for grocery shopping, trips to the beach or as an everyday carry-all. Being made from cotton, a natural and biodegradable material, the bags are also environmentally friendly, reducing the need for single-use plastic bags. Additionally, the cotton fabric can be dyed or printed with creative designs to add a personal touch to the bags.", "all_data": "*****INSTRUCTION:***** Come up with one way to use the following material:\nCotton fabric\n*****OUTPUT:***** One way to use cotton fabric is to create reusable, eco-friendly tote bags. These bags are durable, washable and can be used for grocery shopping, trips to the beach or as an everyday carry-all. Being made from cotton, a natural and biodegradable material, the bags are also environmentally friendly, reducing the need for single-use plastic bags. Additionally, the cotton fabric can be dyed or printed with creative designs to add a personal touch to the bags.\n*****QUESTION:***** Would you give an explanation/justify your reasoning if you were asked this question by a friend?", "index": 372}, {"instruction": "Come up with one way to use the following material:", "input": "Cotton fabric", "output": "One way to use cotton fabric is to create reusable, eco-friendly tote bags. These bags are durable, washable and can be used for grocery shopping, trips to the beach or as an everyday carry-all. Being made from cotton, a natural and biodegradable material, the bags are also environmentally friendly, reducing the need for single-use plastic bags. Additionally, the cotton fabric can be dyed or printed with creative designs to add a personal touch to the bags.", "all_data": "*****INSTRUCTION:***** Come up with one way to use the following material:\nCotton fabric\n*****OUTPUT:***** One way to use cotton fabric is to create reusable, eco-friendly tote bags. These bags are durable, washable and can be used for grocery shopping, trips to the beach or as an everyday carry-all. Being made from cotton, a natural and biodegradable material, the bags are also environmentally friendly, reducing the need for single-use plastic bags. Additionally, the cotton fabric can be dyed or printed with creative designs to add a personal touch to the bags.\n*****QUESTION:***** If there is an explanation: Does the explanation refer to commonsense concepts that are taken as given?", "index": 373}, {"instruction": "Come up with one way to use the following material:", "input": "Cotton fabric", "output": "One way to use cotton fabric is to create reusable, eco-friendly tote bags. These bags are durable, washable and can be used for grocery shopping, trips to the beach or as an everyday carry-all. Being made from cotton, a natural and biodegradable material, the bags are also environmentally friendly, reducing the need for single-use plastic bags. Additionally, the cotton fabric can be dyed or printed with creative designs to add a personal touch to the bags.", "all_data": "*****INSTRUCTION:***** Come up with one way to use the following material:\nCotton fabric\n*****OUTPUT:***** One way to use cotton fabric is to create reusable, eco-friendly tote bags. These bags are durable, washable and can be used for grocery shopping, trips to the beach or as an everyday carry-all. Being made from cotton, a natural and biodegradable material, the bags are also environmentally friendly, reducing the need for single-use plastic bags. Additionally, the cotton fabric can be dyed or printed with creative designs to add a personal touch to the bags.\n*****QUESTION:***** If there is an explanation: Does the explanation list contributing factors?", "index": 374}, {"instruction": "Come up with one way to use the following material:", "input": "Cotton fabric", "output": "One way to use cotton fabric is to create reusable, eco-friendly tote bags. These bags are durable, washable and can be used for grocery shopping, trips to the beach or as an everyday carry-all. Being made from cotton, a natural and biodegradable material, the bags are also environmentally friendly, reducing the need for single-use plastic bags. Additionally, the cotton fabric can be dyed or printed with creative designs to add a personal touch to the bags.", "all_data": "*****INSTRUCTION:***** Come up with one way to use the following material:\nCotton fabric\n*****OUTPUT:***** One way to use cotton fabric is to create reusable, eco-friendly tote bags. These bags are durable, washable and can be used for grocery shopping, trips to the beach or as an everyday carry-all. Being made from cotton, a natural and biodegradable material, the bags are also environmentally friendly, reducing the need for single-use plastic bags. Additionally, the cotton fabric can be dyed or printed with creative designs to add a personal touch to the bags.\n*****QUESTION:***** If there is an explanation: Does the explanation include subjective or biased criteria?", "index": 375}, {"instruction": "Come up with one way to use the following material:", "input": "Cotton fabric", "output": "One way to use cotton fabric is to create reusable, eco-friendly tote bags. These bags are durable, washable and can be used for grocery shopping, trips to the beach or as an everyday carry-all. Being made from cotton, a natural and biodegradable material, the bags are also environmentally friendly, reducing the need for single-use plastic bags. Additionally, the cotton fabric can be dyed or printed with creative designs to add a personal touch to the bags.", "all_data": "*****INSTRUCTION:***** Come up with one way to use the following material:\nCotton fabric\n*****OUTPUT:***** One way to use cotton fabric is to create reusable, eco-friendly tote bags. These bags are durable, washable and can be used for grocery shopping, trips to the beach or as an everyday carry-all. Being made from cotton, a natural and biodegradable material, the bags are also environmentally friendly, reducing the need for single-use plastic bags. Additionally, the cotton fabric can be dyed or printed with creative designs to add a personal touch to the bags.\n*****QUESTION:***** If there is an explanation: Does the explanation include illustrative elements (e.g. examples)?", "index": 376}, {"instruction": "Come up with one way to use the following material:", "input": "Cotton fabric", "output": "One way to use cotton fabric is to create reusable, eco-friendly tote bags. These bags are durable, washable and can be used for grocery shopping, trips to the beach or as an everyday carry-all. Being made from cotton, a natural and biodegradable material, the bags are also environmentally friendly, reducing the need for single-use plastic bags. Additionally, the cotton fabric can be dyed or printed with creative designs to add a personal touch to the bags.", "all_data": "*****INSTRUCTION:***** Come up with one way to use the following material:\nCotton fabric\n*****OUTPUT:***** One way to use cotton fabric is to create reusable, eco-friendly tote bags. These bags are durable, washable and can be used for grocery shopping, trips to the beach or as an everyday carry-all. Being made from cotton, a natural and biodegradable material, the bags are also environmentally friendly, reducing the need for single-use plastic bags. Additionally, the cotton fabric can be dyed or printed with creative designs to add a personal touch to the bags.\n*****QUESTION:***** If there is an explanation: Is the explanation misleading (e.g. arguing for a label that is wrong)?", "index": 377}, {"instruction": "Tell me a few benefits of eating vegetables.", "input": "", "output": "Vegetables have numerous health benefits, here are a few of them:\n1. Rich in Nutrients: Vegetables are packed with essential vitamins, minerals, and fiber that the body needs for maintaining good health.\n2. Lowers Risk of Chronic Diseases: Eating vegetables as a part of a healthy diet may help lower the risk of chronic diseases like heart disease, stroke, and certain types of cancer.\n3. Helps with Digestion: The high fiber content in vegetables helps regulate digestion, preventing constipation and promoting a healthy gut.\n4. Promotes Healthy Weight: Vegetables are generally low in calories and high in nutrients, making them a great choice for people looking to maintain or lose weight.\n5. Good for Skin and Hair: The vitamins and minerals in vegetables can help keep your skin, hair and nails healthy, giving you a natural glow.", "all_data": "*****INSTRUCTION:***** Tell me a few benefits of eating vegetables.\n\n*****OUTPUT:***** Vegetables have numerous health benefits, here are a few of them:\n1. Rich in Nutrients: Vegetables are packed with essential vitamins, minerals, and fiber that the body needs for maintaining good health.\n2. Lowers Risk of Chronic Diseases: Eating vegetables as a part of a healthy diet may help lower the risk of chronic diseases like heart disease, stroke, and certain types of cancer.\n3. Helps with Digestion: The high fiber content in vegetables helps regulate digestion, preventing constipation and promoting a healthy gut.\n4. Promotes Healthy Weight: Vegetables are generally low in calories and high in nutrients, making them a great choice for people looking to maintain or lose weight.\n5. Good for Skin and Hair: The vitamins and minerals in vegetables can help keep your skin, hair and nails healthy, giving you a natural glow.\n*****QUESTION:***** Does the output contain an explanation for the prediction?", "index": 378}, {"instruction": "Tell me a few benefits of eating vegetables.", "input": "", "output": "Vegetables have numerous health benefits, here are a few of them:\n1. Rich in Nutrients: Vegetables are packed with essential vitamins, minerals, and fiber that the body needs for maintaining good health.\n2. Lowers Risk of Chronic Diseases: Eating vegetables as a part of a healthy diet may help lower the risk of chronic diseases like heart disease, stroke, and certain types of cancer.\n3. Helps with Digestion: The high fiber content in vegetables helps regulate digestion, preventing constipation and promoting a healthy gut.\n4. Promotes Healthy Weight: Vegetables are generally low in calories and high in nutrients, making them a great choice for people looking to maintain or lose weight.\n5. Good for Skin and Hair: The vitamins and minerals in vegetables can help keep your skin, hair and nails healthy, giving you a natural glow.", "all_data": "*****INSTRUCTION:***** Tell me a few benefits of eating vegetables.\n\n*****OUTPUT:***** Vegetables have numerous health benefits, here are a few of them:\n1. Rich in Nutrients: Vegetables are packed with essential vitamins, minerals, and fiber that the body needs for maintaining good health.\n2. Lowers Risk of Chronic Diseases: Eating vegetables as a part of a healthy diet may help lower the risk of chronic diseases like heart disease, stroke, and certain types of cancer.\n3. Helps with Digestion: The high fiber content in vegetables helps regulate digestion, preventing constipation and promoting a healthy gut.\n4. Promotes Healthy Weight: Vegetables are generally low in calories and high in nutrients, making them a great choice for people looking to maintain or lose weight.\n5. Good for Skin and Hair: The vitamins and minerals in vegetables can help keep your skin, hair and nails healthy, giving you a natural glow.\n*****QUESTION:***** Would you give an explanation/justify your reasoning if you were asked this question by a friend?", "index": 379}, {"instruction": "Tell me a few benefits of eating vegetables.", "input": "", "output": "Vegetables have numerous health benefits, here are a few of them:\n1. Rich in Nutrients: Vegetables are packed with essential vitamins, minerals, and fiber that the body needs for maintaining good health.\n2. Lowers Risk of Chronic Diseases: Eating vegetables as a part of a healthy diet may help lower the risk of chronic diseases like heart disease, stroke, and certain types of cancer.\n3. Helps with Digestion: The high fiber content in vegetables helps regulate digestion, preventing constipation and promoting a healthy gut.\n4. Promotes Healthy Weight: Vegetables are generally low in calories and high in nutrients, making them a great choice for people looking to maintain or lose weight.\n5. Good for Skin and Hair: The vitamins and minerals in vegetables can help keep your skin, hair and nails healthy, giving you a natural glow.", "all_data": "*****INSTRUCTION:***** Tell me a few benefits of eating vegetables.\n\n*****OUTPUT:***** Vegetables have numerous health benefits, here are a few of them:\n1. Rich in Nutrients: Vegetables are packed with essential vitamins, minerals, and fiber that the body needs for maintaining good health.\n2. Lowers Risk of Chronic Diseases: Eating vegetables as a part of a healthy diet may help lower the risk of chronic diseases like heart disease, stroke, and certain types of cancer.\n3. Helps with Digestion: The high fiber content in vegetables helps regulate digestion, preventing constipation and promoting a healthy gut.\n4. Promotes Healthy Weight: Vegetables are generally low in calories and high in nutrients, making them a great choice for people looking to maintain or lose weight.\n5. Good for Skin and Hair: The vitamins and minerals in vegetables can help keep your skin, hair and nails healthy, giving you a natural glow.\n*****QUESTION:***** If there is an explanation: Does the explanation refer to commonsense concepts that are taken as given?", "index": 380}, {"instruction": "Tell me a few benefits of eating vegetables.", "input": "", "output": "Vegetables have numerous health benefits, here are a few of them:\n1. Rich in Nutrients: Vegetables are packed with essential vitamins, minerals, and fiber that the body needs for maintaining good health.\n2. Lowers Risk of Chronic Diseases: Eating vegetables as a part of a healthy diet may help lower the risk of chronic diseases like heart disease, stroke, and certain types of cancer.\n3. Helps with Digestion: The high fiber content in vegetables helps regulate digestion, preventing constipation and promoting a healthy gut.\n4. Promotes Healthy Weight: Vegetables are generally low in calories and high in nutrients, making them a great choice for people looking to maintain or lose weight.\n5. Good for Skin and Hair: The vitamins and minerals in vegetables can help keep your skin, hair and nails healthy, giving you a natural glow.", "all_data": "*****INSTRUCTION:***** Tell me a few benefits of eating vegetables.\n\n*****OUTPUT:***** Vegetables have numerous health benefits, here are a few of them:\n1. Rich in Nutrients: Vegetables are packed with essential vitamins, minerals, and fiber that the body needs for maintaining good health.\n2. Lowers Risk of Chronic Diseases: Eating vegetables as a part of a healthy diet may help lower the risk of chronic diseases like heart disease, stroke, and certain types of cancer.\n3. Helps with Digestion: The high fiber content in vegetables helps regulate digestion, preventing constipation and promoting a healthy gut.\n4. Promotes Healthy Weight: Vegetables are generally low in calories and high in nutrients, making them a great choice for people looking to maintain or lose weight.\n5. Good for Skin and Hair: The vitamins and minerals in vegetables can help keep your skin, hair and nails healthy, giving you a natural glow.\n*****QUESTION:***** If there is an explanation: Does the explanation list contributing factors?", "index": 381}, {"instruction": "Tell me a few benefits of eating vegetables.", "input": "", "output": "Vegetables have numerous health benefits, here are a few of them:\n1. Rich in Nutrients: Vegetables are packed with essential vitamins, minerals, and fiber that the body needs for maintaining good health.\n2. Lowers Risk of Chronic Diseases: Eating vegetables as a part of a healthy diet may help lower the risk of chronic diseases like heart disease, stroke, and certain types of cancer.\n3. Helps with Digestion: The high fiber content in vegetables helps regulate digestion, preventing constipation and promoting a healthy gut.\n4. Promotes Healthy Weight: Vegetables are generally low in calories and high in nutrients, making them a great choice for people looking to maintain or lose weight.\n5. Good for Skin and Hair: The vitamins and minerals in vegetables can help keep your skin, hair and nails healthy, giving you a natural glow.", "all_data": "*****INSTRUCTION:***** Tell me a few benefits of eating vegetables.\n\n*****OUTPUT:***** Vegetables have numerous health benefits, here are a few of them:\n1. Rich in Nutrients: Vegetables are packed with essential vitamins, minerals, and fiber that the body needs for maintaining good health.\n2. Lowers Risk of Chronic Diseases: Eating vegetables as a part of a healthy diet may help lower the risk of chronic diseases like heart disease, stroke, and certain types of cancer.\n3. Helps with Digestion: The high fiber content in vegetables helps regulate digestion, preventing constipation and promoting a healthy gut.\n4. Promotes Healthy Weight: Vegetables are generally low in calories and high in nutrients, making them a great choice for people looking to maintain or lose weight.\n5. Good for Skin and Hair: The vitamins and minerals in vegetables can help keep your skin, hair and nails healthy, giving you a natural glow.\n*****QUESTION:***** If there is an explanation: Does the explanation include subjective or biased criteria?", "index": 382}, {"instruction": "Tell me a few benefits of eating vegetables.", "input": "", "output": "Vegetables have numerous health benefits, here are a few of them:\n1. Rich in Nutrients: Vegetables are packed with essential vitamins, minerals, and fiber that the body needs for maintaining good health.\n2. Lowers Risk of Chronic Diseases: Eating vegetables as a part of a healthy diet may help lower the risk of chronic diseases like heart disease, stroke, and certain types of cancer.\n3. Helps with Digestion: The high fiber content in vegetables helps regulate digestion, preventing constipation and promoting a healthy gut.\n4. Promotes Healthy Weight: Vegetables are generally low in calories and high in nutrients, making them a great choice for people looking to maintain or lose weight.\n5. Good for Skin and Hair: The vitamins and minerals in vegetables can help keep your skin, hair and nails healthy, giving you a natural glow.", "all_data": "*****INSTRUCTION:***** Tell me a few benefits of eating vegetables.\n\n*****OUTPUT:***** Vegetables have numerous health benefits, here are a few of them:\n1. Rich in Nutrients: Vegetables are packed with essential vitamins, minerals, and fiber that the body needs for maintaining good health.\n2. Lowers Risk of Chronic Diseases: Eating vegetables as a part of a healthy diet may help lower the risk of chronic diseases like heart disease, stroke, and certain types of cancer.\n3. Helps with Digestion: The high fiber content in vegetables helps regulate digestion, preventing constipation and promoting a healthy gut.\n4. Promotes Healthy Weight: Vegetables are generally low in calories and high in nutrients, making them a great choice for people looking to maintain or lose weight.\n5. Good for Skin and Hair: The vitamins and minerals in vegetables can help keep your skin, hair and nails healthy, giving you a natural glow.\n*****QUESTION:***** If there is an explanation: Does the explanation include illustrative elements (e.g. examples)?", "index": 383}, {"instruction": "Tell me a few benefits of eating vegetables.", "input": "", "output": "Vegetables have numerous health benefits, here are a few of them:\n1. Rich in Nutrients: Vegetables are packed with essential vitamins, minerals, and fiber that the body needs for maintaining good health.\n2. Lowers Risk of Chronic Diseases: Eating vegetables as a part of a healthy diet may help lower the risk of chronic diseases like heart disease, stroke, and certain types of cancer.\n3. Helps with Digestion: The high fiber content in vegetables helps regulate digestion, preventing constipation and promoting a healthy gut.\n4. Promotes Healthy Weight: Vegetables are generally low in calories and high in nutrients, making them a great choice for people looking to maintain or lose weight.\n5. Good for Skin and Hair: The vitamins and minerals in vegetables can help keep your skin, hair and nails healthy, giving you a natural glow.", "all_data": "*****INSTRUCTION:***** Tell me a few benefits of eating vegetables.\n\n*****OUTPUT:***** Vegetables have numerous health benefits, here are a few of them:\n1. Rich in Nutrients: Vegetables are packed with essential vitamins, minerals, and fiber that the body needs for maintaining good health.\n2. Lowers Risk of Chronic Diseases: Eating vegetables as a part of a healthy diet may help lower the risk of chronic diseases like heart disease, stroke, and certain types of cancer.\n3. Helps with Digestion: The high fiber content in vegetables helps regulate digestion, preventing constipation and promoting a healthy gut.\n4. Promotes Healthy Weight: Vegetables are generally low in calories and high in nutrients, making them a great choice for people looking to maintain or lose weight.\n5. Good for Skin and Hair: The vitamins and minerals in vegetables can help keep your skin, hair and nails healthy, giving you a natural glow.\n*****QUESTION:***** If there is an explanation: Is the explanation misleading (e.g. arguing for a label that is wrong)?", "index": 384}, {"instruction": "What are the downsides of getting a tattoo?", "input": "", "output": "While getting a tattoo can be a fun and meaningful way to express yourself, there are some potential downsides to consider before making this permanent decision. These include:\n\n1. Pain and Discomfort: The process of getting a tattoo involves needles penetrating the skin, which can be painful and cause discomfort. The level of pain and discomfort can vary from person to person and depend on the location and size of the tattoo.\n\n2. Infections: If proper hygiene procedures are not followed, infections can occur after getting a tattoo. An infection can cause redness, swelling, and pain, and may require medical treatment.\n\n3. Allergic Reactions: Some people may experience an allergic reaction to the ink used in tattoos, causing skin irritation, itching, and rashes.\n\n4. Regret: Over time, people's tastes and preferences can change, and tattoos that once seemed like a good idea may no longer be desired. Removing a tattoo is a difficult, expensive, and often painful process.\n\n5. Employment Concerns: While attitudes towards tattoos are changing, some workplaces still view tattoos as unprofessional, and having visible tattoos may affect employment opportunities.\n\n6. Keloids: In some individuals, a tattoo may cause the formation of keloids, which are raised areas of skin caused by an overgrowth of scar tissue.\n\n7. MRI complications: Tattoos can cause complications during an MRI, as the metal particles in some tattoo inks can interfere with the imaging.\n\nOverall, getting a tattoo is a personal decision and it is important to carefully consider the potential risks and downsides before making a decision.", "all_data": "*****INSTRUCTION:***** What are the downsides of getting a tattoo?\n\n*****OUTPUT:***** While getting a tattoo can be a fun and meaningful way to express yourself, there are some potential downsides to consider before making this permanent decision. These include:\n\n1. Pain and Discomfort: The process of getting a tattoo involves needles penetrating the skin, which can be painful and cause discomfort. The level of pain and discomfort can vary from person to person and depend on the location and size of the tattoo.\n\n2. Infections: If proper hygiene procedures are not followed, infections can occur after getting a tattoo. An infection can cause redness, swelling, and pain, and may require medical treatment.\n\n3. Allergic Reactions: Some people may experience an allergic reaction to the ink used in tattoos, causing skin irritation, itching, and rashes.\n\n4. Regret: Over time, people's tastes and preferences can change, and tattoos that once seemed like a good idea may no longer be desired. Removing a tattoo is a difficult, expensive, and often painful process.\n\n5. Employment Concerns: While attitudes towards tattoos are changing, some workplaces still view tattoos as unprofessional, and having visible tattoos may affect employment opportunities.\n\n6. Keloids: In some individuals, a tattoo may cause the formation of keloids, which are raised areas of skin caused by an overgrowth of scar tissue.\n\n7. MRI complications: Tattoos can cause complications during an MRI, as the metal particles in some tattoo inks can interfere with the imaging.\n\nOverall, getting a tattoo is a personal decision and it is important to carefully consider the potential risks and downsides before making a decision.\n*****QUESTION:***** Does the output contain an explanation for the prediction?", "index": 385}, {"instruction": "What are the downsides of getting a tattoo?", "input": "", "output": "While getting a tattoo can be a fun and meaningful way to express yourself, there are some potential downsides to consider before making this permanent decision. These include:\n\n1. Pain and Discomfort: The process of getting a tattoo involves needles penetrating the skin, which can be painful and cause discomfort. The level of pain and discomfort can vary from person to person and depend on the location and size of the tattoo.\n\n2. Infections: If proper hygiene procedures are not followed, infections can occur after getting a tattoo. An infection can cause redness, swelling, and pain, and may require medical treatment.\n\n3. Allergic Reactions: Some people may experience an allergic reaction to the ink used in tattoos, causing skin irritation, itching, and rashes.\n\n4. Regret: Over time, people's tastes and preferences can change, and tattoos that once seemed like a good idea may no longer be desired. Removing a tattoo is a difficult, expensive, and often painful process.\n\n5. Employment Concerns: While attitudes towards tattoos are changing, some workplaces still view tattoos as unprofessional, and having visible tattoos may affect employment opportunities.\n\n6. Keloids: In some individuals, a tattoo may cause the formation of keloids, which are raised areas of skin caused by an overgrowth of scar tissue.\n\n7. MRI complications: Tattoos can cause complications during an MRI, as the metal particles in some tattoo inks can interfere with the imaging.\n\nOverall, getting a tattoo is a personal decision and it is important to carefully consider the potential risks and downsides before making a decision.", "all_data": "*****INSTRUCTION:***** What are the downsides of getting a tattoo?\n\n*****OUTPUT:***** While getting a tattoo can be a fun and meaningful way to express yourself, there are some potential downsides to consider before making this permanent decision. These include:\n\n1. Pain and Discomfort: The process of getting a tattoo involves needles penetrating the skin, which can be painful and cause discomfort. The level of pain and discomfort can vary from person to person and depend on the location and size of the tattoo.\n\n2. Infections: If proper hygiene procedures are not followed, infections can occur after getting a tattoo. An infection can cause redness, swelling, and pain, and may require medical treatment.\n\n3. Allergic Reactions: Some people may experience an allergic reaction to the ink used in tattoos, causing skin irritation, itching, and rashes.\n\n4. Regret: Over time, people's tastes and preferences can change, and tattoos that once seemed like a good idea may no longer be desired. Removing a tattoo is a difficult, expensive, and often painful process.\n\n5. Employment Concerns: While attitudes towards tattoos are changing, some workplaces still view tattoos as unprofessional, and having visible tattoos may affect employment opportunities.\n\n6. Keloids: In some individuals, a tattoo may cause the formation of keloids, which are raised areas of skin caused by an overgrowth of scar tissue.\n\n7. MRI complications: Tattoos can cause complications during an MRI, as the metal particles in some tattoo inks can interfere with the imaging.\n\nOverall, getting a tattoo is a personal decision and it is important to carefully consider the potential risks and downsides before making a decision.\n*****QUESTION:***** Would you give an explanation/justify your reasoning if you were asked this question by a friend?", "index": 386}, {"instruction": "What are the downsides of getting a tattoo?", "input": "", "output": "While getting a tattoo can be a fun and meaningful way to express yourself, there are some potential downsides to consider before making this permanent decision. These include:\n\n1. Pain and Discomfort: The process of getting a tattoo involves needles penetrating the skin, which can be painful and cause discomfort. The level of pain and discomfort can vary from person to person and depend on the location and size of the tattoo.\n\n2. Infections: If proper hygiene procedures are not followed, infections can occur after getting a tattoo. An infection can cause redness, swelling, and pain, and may require medical treatment.\n\n3. Allergic Reactions: Some people may experience an allergic reaction to the ink used in tattoos, causing skin irritation, itching, and rashes.\n\n4. Regret: Over time, people's tastes and preferences can change, and tattoos that once seemed like a good idea may no longer be desired. Removing a tattoo is a difficult, expensive, and often painful process.\n\n5. Employment Concerns: While attitudes towards tattoos are changing, some workplaces still view tattoos as unprofessional, and having visible tattoos may affect employment opportunities.\n\n6. Keloids: In some individuals, a tattoo may cause the formation of keloids, which are raised areas of skin caused by an overgrowth of scar tissue.\n\n7. MRI complications: Tattoos can cause complications during an MRI, as the metal particles in some tattoo inks can interfere with the imaging.\n\nOverall, getting a tattoo is a personal decision and it is important to carefully consider the potential risks and downsides before making a decision.", "all_data": "*****INSTRUCTION:***** What are the downsides of getting a tattoo?\n\n*****OUTPUT:***** While getting a tattoo can be a fun and meaningful way to express yourself, there are some potential downsides to consider before making this permanent decision. These include:\n\n1. Pain and Discomfort: The process of getting a tattoo involves needles penetrating the skin, which can be painful and cause discomfort. The level of pain and discomfort can vary from person to person and depend on the location and size of the tattoo.\n\n2. Infections: If proper hygiene procedures are not followed, infections can occur after getting a tattoo. An infection can cause redness, swelling, and pain, and may require medical treatment.\n\n3. Allergic Reactions: Some people may experience an allergic reaction to the ink used in tattoos, causing skin irritation, itching, and rashes.\n\n4. Regret: Over time, people's tastes and preferences can change, and tattoos that once seemed like a good idea may no longer be desired. Removing a tattoo is a difficult, expensive, and often painful process.\n\n5. Employment Concerns: While attitudes towards tattoos are changing, some workplaces still view tattoos as unprofessional, and having visible tattoos may affect employment opportunities.\n\n6. Keloids: In some individuals, a tattoo may cause the formation of keloids, which are raised areas of skin caused by an overgrowth of scar tissue.\n\n7. MRI complications: Tattoos can cause complications during an MRI, as the metal particles in some tattoo inks can interfere with the imaging.\n\nOverall, getting a tattoo is a personal decision and it is important to carefully consider the potential risks and downsides before making a decision.\n*****QUESTION:***** If there is an explanation: Does the explanation refer to commonsense concepts that are taken as given?", "index": 387}, {"instruction": "What are the downsides of getting a tattoo?", "input": "", "output": "While getting a tattoo can be a fun and meaningful way to express yourself, there are some potential downsides to consider before making this permanent decision. These include:\n\n1. Pain and Discomfort: The process of getting a tattoo involves needles penetrating the skin, which can be painful and cause discomfort. The level of pain and discomfort can vary from person to person and depend on the location and size of the tattoo.\n\n2. Infections: If proper hygiene procedures are not followed, infections can occur after getting a tattoo. An infection can cause redness, swelling, and pain, and may require medical treatment.\n\n3. Allergic Reactions: Some people may experience an allergic reaction to the ink used in tattoos, causing skin irritation, itching, and rashes.\n\n4. Regret: Over time, people's tastes and preferences can change, and tattoos that once seemed like a good idea may no longer be desired. Removing a tattoo is a difficult, expensive, and often painful process.\n\n5. Employment Concerns: While attitudes towards tattoos are changing, some workplaces still view tattoos as unprofessional, and having visible tattoos may affect employment opportunities.\n\n6. Keloids: In some individuals, a tattoo may cause the formation of keloids, which are raised areas of skin caused by an overgrowth of scar tissue.\n\n7. MRI complications: Tattoos can cause complications during an MRI, as the metal particles in some tattoo inks can interfere with the imaging.\n\nOverall, getting a tattoo is a personal decision and it is important to carefully consider the potential risks and downsides before making a decision.", "all_data": "*****INSTRUCTION:***** What are the downsides of getting a tattoo?\n\n*****OUTPUT:***** While getting a tattoo can be a fun and meaningful way to express yourself, there are some potential downsides to consider before making this permanent decision. These include:\n\n1. Pain and Discomfort: The process of getting a tattoo involves needles penetrating the skin, which can be painful and cause discomfort. The level of pain and discomfort can vary from person to person and depend on the location and size of the tattoo.\n\n2. Infections: If proper hygiene procedures are not followed, infections can occur after getting a tattoo. An infection can cause redness, swelling, and pain, and may require medical treatment.\n\n3. Allergic Reactions: Some people may experience an allergic reaction to the ink used in tattoos, causing skin irritation, itching, and rashes.\n\n4. Regret: Over time, people's tastes and preferences can change, and tattoos that once seemed like a good idea may no longer be desired. Removing a tattoo is a difficult, expensive, and often painful process.\n\n5. Employment Concerns: While attitudes towards tattoos are changing, some workplaces still view tattoos as unprofessional, and having visible tattoos may affect employment opportunities.\n\n6. Keloids: In some individuals, a tattoo may cause the formation of keloids, which are raised areas of skin caused by an overgrowth of scar tissue.\n\n7. MRI complications: Tattoos can cause complications during an MRI, as the metal particles in some tattoo inks can interfere with the imaging.\n\nOverall, getting a tattoo is a personal decision and it is important to carefully consider the potential risks and downsides before making a decision.\n*****QUESTION:***** If there is an explanation: Does the explanation list contributing factors?", "index": 388}, {"instruction": "What are the downsides of getting a tattoo?", "input": "", "output": "While getting a tattoo can be a fun and meaningful way to express yourself, there are some potential downsides to consider before making this permanent decision. These include:\n\n1. Pain and Discomfort: The process of getting a tattoo involves needles penetrating the skin, which can be painful and cause discomfort. The level of pain and discomfort can vary from person to person and depend on the location and size of the tattoo.\n\n2. Infections: If proper hygiene procedures are not followed, infections can occur after getting a tattoo. An infection can cause redness, swelling, and pain, and may require medical treatment.\n\n3. Allergic Reactions: Some people may experience an allergic reaction to the ink used in tattoos, causing skin irritation, itching, and rashes.\n\n4. Regret: Over time, people's tastes and preferences can change, and tattoos that once seemed like a good idea may no longer be desired. Removing a tattoo is a difficult, expensive, and often painful process.\n\n5. Employment Concerns: While attitudes towards tattoos are changing, some workplaces still view tattoos as unprofessional, and having visible tattoos may affect employment opportunities.\n\n6. Keloids: In some individuals, a tattoo may cause the formation of keloids, which are raised areas of skin caused by an overgrowth of scar tissue.\n\n7. MRI complications: Tattoos can cause complications during an MRI, as the metal particles in some tattoo inks can interfere with the imaging.\n\nOverall, getting a tattoo is a personal decision and it is important to carefully consider the potential risks and downsides before making a decision.", "all_data": "*****INSTRUCTION:***** What are the downsides of getting a tattoo?\n\n*****OUTPUT:***** While getting a tattoo can be a fun and meaningful way to express yourself, there are some potential downsides to consider before making this permanent decision. These include:\n\n1. Pain and Discomfort: The process of getting a tattoo involves needles penetrating the skin, which can be painful and cause discomfort. The level of pain and discomfort can vary from person to person and depend on the location and size of the tattoo.\n\n2. Infections: If proper hygiene procedures are not followed, infections can occur after getting a tattoo. An infection can cause redness, swelling, and pain, and may require medical treatment.\n\n3. Allergic Reactions: Some people may experience an allergic reaction to the ink used in tattoos, causing skin irritation, itching, and rashes.\n\n4. Regret: Over time, people's tastes and preferences can change, and tattoos that once seemed like a good idea may no longer be desired. Removing a tattoo is a difficult, expensive, and often painful process.\n\n5. Employment Concerns: While attitudes towards tattoos are changing, some workplaces still view tattoos as unprofessional, and having visible tattoos may affect employment opportunities.\n\n6. Keloids: In some individuals, a tattoo may cause the formation of keloids, which are raised areas of skin caused by an overgrowth of scar tissue.\n\n7. MRI complications: Tattoos can cause complications during an MRI, as the metal particles in some tattoo inks can interfere with the imaging.\n\nOverall, getting a tattoo is a personal decision and it is important to carefully consider the potential risks and downsides before making a decision.\n*****QUESTION:***** If there is an explanation: Does the explanation include subjective or biased criteria?", "index": 389}, {"instruction": "What are the downsides of getting a tattoo?", "input": "", "output": "While getting a tattoo can be a fun and meaningful way to express yourself, there are some potential downsides to consider before making this permanent decision. These include:\n\n1. Pain and Discomfort: The process of getting a tattoo involves needles penetrating the skin, which can be painful and cause discomfort. The level of pain and discomfort can vary from person to person and depend on the location and size of the tattoo.\n\n2. Infections: If proper hygiene procedures are not followed, infections can occur after getting a tattoo. An infection can cause redness, swelling, and pain, and may require medical treatment.\n\n3. Allergic Reactions: Some people may experience an allergic reaction to the ink used in tattoos, causing skin irritation, itching, and rashes.\n\n4. Regret: Over time, people's tastes and preferences can change, and tattoos that once seemed like a good idea may no longer be desired. Removing a tattoo is a difficult, expensive, and often painful process.\n\n5. Employment Concerns: While attitudes towards tattoos are changing, some workplaces still view tattoos as unprofessional, and having visible tattoos may affect employment opportunities.\n\n6. Keloids: In some individuals, a tattoo may cause the formation of keloids, which are raised areas of skin caused by an overgrowth of scar tissue.\n\n7. MRI complications: Tattoos can cause complications during an MRI, as the metal particles in some tattoo inks can interfere with the imaging.\n\nOverall, getting a tattoo is a personal decision and it is important to carefully consider the potential risks and downsides before making a decision.", "all_data": "*****INSTRUCTION:***** What are the downsides of getting a tattoo?\n\n*****OUTPUT:***** While getting a tattoo can be a fun and meaningful way to express yourself, there are some potential downsides to consider before making this permanent decision. These include:\n\n1. Pain and Discomfort: The process of getting a tattoo involves needles penetrating the skin, which can be painful and cause discomfort. The level of pain and discomfort can vary from person to person and depend on the location and size of the tattoo.\n\n2. Infections: If proper hygiene procedures are not followed, infections can occur after getting a tattoo. An infection can cause redness, swelling, and pain, and may require medical treatment.\n\n3. Allergic Reactions: Some people may experience an allergic reaction to the ink used in tattoos, causing skin irritation, itching, and rashes.\n\n4. Regret: Over time, people's tastes and preferences can change, and tattoos that once seemed like a good idea may no longer be desired. Removing a tattoo is a difficult, expensive, and often painful process.\n\n5. Employment Concerns: While attitudes towards tattoos are changing, some workplaces still view tattoos as unprofessional, and having visible tattoos may affect employment opportunities.\n\n6. Keloids: In some individuals, a tattoo may cause the formation of keloids, which are raised areas of skin caused by an overgrowth of scar tissue.\n\n7. MRI complications: Tattoos can cause complications during an MRI, as the metal particles in some tattoo inks can interfere with the imaging.\n\nOverall, getting a tattoo is a personal decision and it is important to carefully consider the potential risks and downsides before making a decision.\n*****QUESTION:***** If there is an explanation: Does the explanation include illustrative elements (e.g. examples)?", "index": 390}, {"instruction": "What are the downsides of getting a tattoo?", "input": "", "output": "While getting a tattoo can be a fun and meaningful way to express yourself, there are some potential downsides to consider before making this permanent decision. These include:\n\n1. Pain and Discomfort: The process of getting a tattoo involves needles penetrating the skin, which can be painful and cause discomfort. The level of pain and discomfort can vary from person to person and depend on the location and size of the tattoo.\n\n2. Infections: If proper hygiene procedures are not followed, infections can occur after getting a tattoo. An infection can cause redness, swelling, and pain, and may require medical treatment.\n\n3. Allergic Reactions: Some people may experience an allergic reaction to the ink used in tattoos, causing skin irritation, itching, and rashes.\n\n4. Regret: Over time, people's tastes and preferences can change, and tattoos that once seemed like a good idea may no longer be desired. Removing a tattoo is a difficult, expensive, and often painful process.\n\n5. Employment Concerns: While attitudes towards tattoos are changing, some workplaces still view tattoos as unprofessional, and having visible tattoos may affect employment opportunities.\n\n6. Keloids: In some individuals, a tattoo may cause the formation of keloids, which are raised areas of skin caused by an overgrowth of scar tissue.\n\n7. MRI complications: Tattoos can cause complications during an MRI, as the metal particles in some tattoo inks can interfere with the imaging.\n\nOverall, getting a tattoo is a personal decision and it is important to carefully consider the potential risks and downsides before making a decision.", "all_data": "*****INSTRUCTION:***** What are the downsides of getting a tattoo?\n\n*****OUTPUT:***** While getting a tattoo can be a fun and meaningful way to express yourself, there are some potential downsides to consider before making this permanent decision. These include:\n\n1. Pain and Discomfort: The process of getting a tattoo involves needles penetrating the skin, which can be painful and cause discomfort. The level of pain and discomfort can vary from person to person and depend on the location and size of the tattoo.\n\n2. Infections: If proper hygiene procedures are not followed, infections can occur after getting a tattoo. An infection can cause redness, swelling, and pain, and may require medical treatment.\n\n3. Allergic Reactions: Some people may experience an allergic reaction to the ink used in tattoos, causing skin irritation, itching, and rashes.\n\n4. Regret: Over time, people's tastes and preferences can change, and tattoos that once seemed like a good idea may no longer be desired. Removing a tattoo is a difficult, expensive, and often painful process.\n\n5. Employment Concerns: While attitudes towards tattoos are changing, some workplaces still view tattoos as unprofessional, and having visible tattoos may affect employment opportunities.\n\n6. Keloids: In some individuals, a tattoo may cause the formation of keloids, which are raised areas of skin caused by an overgrowth of scar tissue.\n\n7. MRI complications: Tattoos can cause complications during an MRI, as the metal particles in some tattoo inks can interfere with the imaging.\n\nOverall, getting a tattoo is a personal decision and it is important to carefully consider the potential risks and downsides before making a decision.\n*****QUESTION:***** If there is an explanation: Is the explanation misleading (e.g. arguing for a label that is wrong)?", "index": 391}, {"instruction": "Give 4 strategies to promote customer loyalty.", "input": "", "output": "1. Personalization: Customize the shopping experience for each individual customer by remembering their previous purchases, preferences and behavior to provide personalized recommendations that can enhance their satisfaction and loyalty towards your brand.\n\n2. Reward Programs: Implement a rewards or loyalty program that offers incentives for repeated purchases. This type of program can be based on earning points, accumulating credits or achieving a certain purchase threshold, and it can offer customers valuable rewards like discounts, free products, or exclusive access to new products or services.\n\n3. Exceptional Customer Service: Ensure that your customers always receive the highest level of customer service by training your staff to be friendly, professional, and responsive. Make it easy for customers to reach out to you with their questions and concerns, and always respond quickly and effectively. Customers who feel valued and heard are more likely to remain loyal to your brand.\n\n4. Exceed Expectations: Go above and beyond to exceed your customers' expectations at every opportunity. This can include offering unexpected surprises like free gifts, complimentary services or special deals, as well as consistently providing reliable, high-quality products or services. When customers feel that you're consistently meeting, and even exceeding, their expectations, they're more likely to remain loyal to your brand over time.", "all_data": "*****INSTRUCTION:***** Give 4 strategies to promote customer loyalty.\n\n*****OUTPUT:***** 1. Personalization: Customize the shopping experience for each individual customer by remembering their previous purchases, preferences and behavior to provide personalized recommendations that can enhance their satisfaction and loyalty towards your brand.\n\n2. Reward Programs: Implement a rewards or loyalty program that offers incentives for repeated purchases. This type of program can be based on earning points, accumulating credits or achieving a certain purchase threshold, and it can offer customers valuable rewards like discounts, free products, or exclusive access to new products or services.\n\n3. Exceptional Customer Service: Ensure that your customers always receive the highest level of customer service by training your staff to be friendly, professional, and responsive. Make it easy for customers to reach out to you with their questions and concerns, and always respond quickly and effectively. Customers who feel valued and heard are more likely to remain loyal to your brand.\n\n4. Exceed Expectations: Go above and beyond to exceed your customers' expectations at every opportunity. This can include offering unexpected surprises like free gifts, complimentary services or special deals, as well as consistently providing reliable, high-quality products or services. When customers feel that you're consistently meeting, and even exceeding, their expectations, they're more likely to remain loyal to your brand over time.\n*****QUESTION:***** Does the output contain an explanation for the prediction?", "index": 392}, {"instruction": "Give 4 strategies to promote customer loyalty.", "input": "", "output": "1. Personalization: Customize the shopping experience for each individual customer by remembering their previous purchases, preferences and behavior to provide personalized recommendations that can enhance their satisfaction and loyalty towards your brand.\n\n2. Reward Programs: Implement a rewards or loyalty program that offers incentives for repeated purchases. This type of program can be based on earning points, accumulating credits or achieving a certain purchase threshold, and it can offer customers valuable rewards like discounts, free products, or exclusive access to new products or services.\n\n3. Exceptional Customer Service: Ensure that your customers always receive the highest level of customer service by training your staff to be friendly, professional, and responsive. Make it easy for customers to reach out to you with their questions and concerns, and always respond quickly and effectively. Customers who feel valued and heard are more likely to remain loyal to your brand.\n\n4. Exceed Expectations: Go above and beyond to exceed your customers' expectations at every opportunity. This can include offering unexpected surprises like free gifts, complimentary services or special deals, as well as consistently providing reliable, high-quality products or services. When customers feel that you're consistently meeting, and even exceeding, their expectations, they're more likely to remain loyal to your brand over time.", "all_data": "*****INSTRUCTION:***** Give 4 strategies to promote customer loyalty.\n\n*****OUTPUT:***** 1. Personalization: Customize the shopping experience for each individual customer by remembering their previous purchases, preferences and behavior to provide personalized recommendations that can enhance their satisfaction and loyalty towards your brand.\n\n2. Reward Programs: Implement a rewards or loyalty program that offers incentives for repeated purchases. This type of program can be based on earning points, accumulating credits or achieving a certain purchase threshold, and it can offer customers valuable rewards like discounts, free products, or exclusive access to new products or services.\n\n3. Exceptional Customer Service: Ensure that your customers always receive the highest level of customer service by training your staff to be friendly, professional, and responsive. Make it easy for customers to reach out to you with their questions and concerns, and always respond quickly and effectively. Customers who feel valued and heard are more likely to remain loyal to your brand.\n\n4. Exceed Expectations: Go above and beyond to exceed your customers' expectations at every opportunity. This can include offering unexpected surprises like free gifts, complimentary services or special deals, as well as consistently providing reliable, high-quality products or services. When customers feel that you're consistently meeting, and even exceeding, their expectations, they're more likely to remain loyal to your brand over time.\n*****QUESTION:***** Would you give an explanation/justify your reasoning if you were asked this question by a friend?", "index": 393}, {"instruction": "Give 4 strategies to promote customer loyalty.", "input": "", "output": "1. Personalization: Customize the shopping experience for each individual customer by remembering their previous purchases, preferences and behavior to provide personalized recommendations that can enhance their satisfaction and loyalty towards your brand.\n\n2. Reward Programs: Implement a rewards or loyalty program that offers incentives for repeated purchases. This type of program can be based on earning points, accumulating credits or achieving a certain purchase threshold, and it can offer customers valuable rewards like discounts, free products, or exclusive access to new products or services.\n\n3. Exceptional Customer Service: Ensure that your customers always receive the highest level of customer service by training your staff to be friendly, professional, and responsive. Make it easy for customers to reach out to you with their questions and concerns, and always respond quickly and effectively. Customers who feel valued and heard are more likely to remain loyal to your brand.\n\n4. Exceed Expectations: Go above and beyond to exceed your customers' expectations at every opportunity. This can include offering unexpected surprises like free gifts, complimentary services or special deals, as well as consistently providing reliable, high-quality products or services. When customers feel that you're consistently meeting, and even exceeding, their expectations, they're more likely to remain loyal to your brand over time.", "all_data": "*****INSTRUCTION:***** Give 4 strategies to promote customer loyalty.\n\n*****OUTPUT:***** 1. Personalization: Customize the shopping experience for each individual customer by remembering their previous purchases, preferences and behavior to provide personalized recommendations that can enhance their satisfaction and loyalty towards your brand.\n\n2. Reward Programs: Implement a rewards or loyalty program that offers incentives for repeated purchases. This type of program can be based on earning points, accumulating credits or achieving a certain purchase threshold, and it can offer customers valuable rewards like discounts, free products, or exclusive access to new products or services.\n\n3. Exceptional Customer Service: Ensure that your customers always receive the highest level of customer service by training your staff to be friendly, professional, and responsive. Make it easy for customers to reach out to you with their questions and concerns, and always respond quickly and effectively. Customers who feel valued and heard are more likely to remain loyal to your brand.\n\n4. Exceed Expectations: Go above and beyond to exceed your customers' expectations at every opportunity. This can include offering unexpected surprises like free gifts, complimentary services or special deals, as well as consistently providing reliable, high-quality products or services. When customers feel that you're consistently meeting, and even exceeding, their expectations, they're more likely to remain loyal to your brand over time.\n*****QUESTION:***** If there is an explanation: Does the explanation refer to commonsense concepts that are taken as given?", "index": 394}, {"instruction": "Give 4 strategies to promote customer loyalty.", "input": "", "output": "1. Personalization: Customize the shopping experience for each individual customer by remembering their previous purchases, preferences and behavior to provide personalized recommendations that can enhance their satisfaction and loyalty towards your brand.\n\n2. Reward Programs: Implement a rewards or loyalty program that offers incentives for repeated purchases. This type of program can be based on earning points, accumulating credits or achieving a certain purchase threshold, and it can offer customers valuable rewards like discounts, free products, or exclusive access to new products or services.\n\n3. Exceptional Customer Service: Ensure that your customers always receive the highest level of customer service by training your staff to be friendly, professional, and responsive. Make it easy for customers to reach out to you with their questions and concerns, and always respond quickly and effectively. Customers who feel valued and heard are more likely to remain loyal to your brand.\n\n4. Exceed Expectations: Go above and beyond to exceed your customers' expectations at every opportunity. This can include offering unexpected surprises like free gifts, complimentary services or special deals, as well as consistently providing reliable, high-quality products or services. When customers feel that you're consistently meeting, and even exceeding, their expectations, they're more likely to remain loyal to your brand over time.", "all_data": "*****INSTRUCTION:***** Give 4 strategies to promote customer loyalty.\n\n*****OUTPUT:***** 1. Personalization: Customize the shopping experience for each individual customer by remembering their previous purchases, preferences and behavior to provide personalized recommendations that can enhance their satisfaction and loyalty towards your brand.\n\n2. Reward Programs: Implement a rewards or loyalty program that offers incentives for repeated purchases. This type of program can be based on earning points, accumulating credits or achieving a certain purchase threshold, and it can offer customers valuable rewards like discounts, free products, or exclusive access to new products or services.\n\n3. Exceptional Customer Service: Ensure that your customers always receive the highest level of customer service by training your staff to be friendly, professional, and responsive. Make it easy for customers to reach out to you with their questions and concerns, and always respond quickly and effectively. Customers who feel valued and heard are more likely to remain loyal to your brand.\n\n4. Exceed Expectations: Go above and beyond to exceed your customers' expectations at every opportunity. This can include offering unexpected surprises like free gifts, complimentary services or special deals, as well as consistently providing reliable, high-quality products or services. When customers feel that you're consistently meeting, and even exceeding, their expectations, they're more likely to remain loyal to your brand over time.\n*****QUESTION:***** If there is an explanation: Does the explanation list contributing factors?", "index": 395}, {"instruction": "Give 4 strategies to promote customer loyalty.", "input": "", "output": "1. Personalization: Customize the shopping experience for each individual customer by remembering their previous purchases, preferences and behavior to provide personalized recommendations that can enhance their satisfaction and loyalty towards your brand.\n\n2. Reward Programs: Implement a rewards or loyalty program that offers incentives for repeated purchases. This type of program can be based on earning points, accumulating credits or achieving a certain purchase threshold, and it can offer customers valuable rewards like discounts, free products, or exclusive access to new products or services.\n\n3. Exceptional Customer Service: Ensure that your customers always receive the highest level of customer service by training your staff to be friendly, professional, and responsive. Make it easy for customers to reach out to you with their questions and concerns, and always respond quickly and effectively. Customers who feel valued and heard are more likely to remain loyal to your brand.\n\n4. Exceed Expectations: Go above and beyond to exceed your customers' expectations at every opportunity. This can include offering unexpected surprises like free gifts, complimentary services or special deals, as well as consistently providing reliable, high-quality products or services. When customers feel that you're consistently meeting, and even exceeding, their expectations, they're more likely to remain loyal to your brand over time.", "all_data": "*****INSTRUCTION:***** Give 4 strategies to promote customer loyalty.\n\n*****OUTPUT:***** 1. Personalization: Customize the shopping experience for each individual customer by remembering their previous purchases, preferences and behavior to provide personalized recommendations that can enhance their satisfaction and loyalty towards your brand.\n\n2. Reward Programs: Implement a rewards or loyalty program that offers incentives for repeated purchases. This type of program can be based on earning points, accumulating credits or achieving a certain purchase threshold, and it can offer customers valuable rewards like discounts, free products, or exclusive access to new products or services.\n\n3. Exceptional Customer Service: Ensure that your customers always receive the highest level of customer service by training your staff to be friendly, professional, and responsive. Make it easy for customers to reach out to you with their questions and concerns, and always respond quickly and effectively. Customers who feel valued and heard are more likely to remain loyal to your brand.\n\n4. Exceed Expectations: Go above and beyond to exceed your customers' expectations at every opportunity. This can include offering unexpected surprises like free gifts, complimentary services or special deals, as well as consistently providing reliable, high-quality products or services. When customers feel that you're consistently meeting, and even exceeding, their expectations, they're more likely to remain loyal to your brand over time.\n*****QUESTION:***** If there is an explanation: Does the explanation include subjective or biased criteria?", "index": 396}, {"instruction": "Give 4 strategies to promote customer loyalty.", "input": "", "output": "1. Personalization: Customize the shopping experience for each individual customer by remembering their previous purchases, preferences and behavior to provide personalized recommendations that can enhance their satisfaction and loyalty towards your brand.\n\n2. Reward Programs: Implement a rewards or loyalty program that offers incentives for repeated purchases. This type of program can be based on earning points, accumulating credits or achieving a certain purchase threshold, and it can offer customers valuable rewards like discounts, free products, or exclusive access to new products or services.\n\n3. Exceptional Customer Service: Ensure that your customers always receive the highest level of customer service by training your staff to be friendly, professional, and responsive. Make it easy for customers to reach out to you with their questions and concerns, and always respond quickly and effectively. Customers who feel valued and heard are more likely to remain loyal to your brand.\n\n4. Exceed Expectations: Go above and beyond to exceed your customers' expectations at every opportunity. This can include offering unexpected surprises like free gifts, complimentary services or special deals, as well as consistently providing reliable, high-quality products or services. When customers feel that you're consistently meeting, and even exceeding, their expectations, they're more likely to remain loyal to your brand over time.", "all_data": "*****INSTRUCTION:***** Give 4 strategies to promote customer loyalty.\n\n*****OUTPUT:***** 1. Personalization: Customize the shopping experience for each individual customer by remembering their previous purchases, preferences and behavior to provide personalized recommendations that can enhance their satisfaction and loyalty towards your brand.\n\n2. Reward Programs: Implement a rewards or loyalty program that offers incentives for repeated purchases. This type of program can be based on earning points, accumulating credits or achieving a certain purchase threshold, and it can offer customers valuable rewards like discounts, free products, or exclusive access to new products or services.\n\n3. Exceptional Customer Service: Ensure that your customers always receive the highest level of customer service by training your staff to be friendly, professional, and responsive. Make it easy for customers to reach out to you with their questions and concerns, and always respond quickly and effectively. Customers who feel valued and heard are more likely to remain loyal to your brand.\n\n4. Exceed Expectations: Go above and beyond to exceed your customers' expectations at every opportunity. This can include offering unexpected surprises like free gifts, complimentary services or special deals, as well as consistently providing reliable, high-quality products or services. When customers feel that you're consistently meeting, and even exceeding, their expectations, they're more likely to remain loyal to your brand over time.\n*****QUESTION:***** If there is an explanation: Does the explanation include illustrative elements (e.g. examples)?", "index": 397}, {"instruction": "Give 4 strategies to promote customer loyalty.", "input": "", "output": "1. Personalization: Customize the shopping experience for each individual customer by remembering their previous purchases, preferences and behavior to provide personalized recommendations that can enhance their satisfaction and loyalty towards your brand.\n\n2. Reward Programs: Implement a rewards or loyalty program that offers incentives for repeated purchases. This type of program can be based on earning points, accumulating credits or achieving a certain purchase threshold, and it can offer customers valuable rewards like discounts, free products, or exclusive access to new products or services.\n\n3. Exceptional Customer Service: Ensure that your customers always receive the highest level of customer service by training your staff to be friendly, professional, and responsive. Make it easy for customers to reach out to you with their questions and concerns, and always respond quickly and effectively. Customers who feel valued and heard are more likely to remain loyal to your brand.\n\n4. Exceed Expectations: Go above and beyond to exceed your customers' expectations at every opportunity. This can include offering unexpected surprises like free gifts, complimentary services or special deals, as well as consistently providing reliable, high-quality products or services. When customers feel that you're consistently meeting, and even exceeding, their expectations, they're more likely to remain loyal to your brand over time.", "all_data": "*****INSTRUCTION:***** Give 4 strategies to promote customer loyalty.\n\n*****OUTPUT:***** 1. Personalization: Customize the shopping experience for each individual customer by remembering their previous purchases, preferences and behavior to provide personalized recommendations that can enhance their satisfaction and loyalty towards your brand.\n\n2. Reward Programs: Implement a rewards or loyalty program that offers incentives for repeated purchases. This type of program can be based on earning points, accumulating credits or achieving a certain purchase threshold, and it can offer customers valuable rewards like discounts, free products, or exclusive access to new products or services.\n\n3. Exceptional Customer Service: Ensure that your customers always receive the highest level of customer service by training your staff to be friendly, professional, and responsive. Make it easy for customers to reach out to you with their questions and concerns, and always respond quickly and effectively. Customers who feel valued and heard are more likely to remain loyal to your brand.\n\n4. Exceed Expectations: Go above and beyond to exceed your customers' expectations at every opportunity. This can include offering unexpected surprises like free gifts, complimentary services or special deals, as well as consistently providing reliable, high-quality products or services. When customers feel that you're consistently meeting, and even exceeding, their expectations, they're more likely to remain loyal to your brand over time.\n*****QUESTION:***** If there is an explanation: Is the explanation misleading (e.g. arguing for a label that is wrong)?", "index": 398}, {"instruction": "Given two strings, determine the largest palindromic substring", "input": "String 1: madam\nString 2: abba", "output": "To find the longest palindromic substring, we can first check if the entire string is itself a palindrome. If it is, then the entire string is the longest palindromic substring. If it is not, then we can check if any smaller substrings within the string are palindromes by comparing characters from the outside-in. We can do this iteratively until we find the longest palindromic substring.\n\nFor String 1, \"madam\", we can see that it is already a palindrome. So, the entire string, \"madam\", is the longest palindromic substring.\n\nFor String 2, \"abba\", we can also see that it is a palindrome. So the the entire string, \"abba\", is the longest palindromic substring.\n\nTherefore, the largest palindromic substring for String 1 (\"madam\") is \"madam\". The largest palindromic substring for String 2 (\"abba\") is \"abba\".", "all_data": "*****INSTRUCTION:***** Given two strings, determine the largest palindromic substring\nString 1: madam\nString 2: abba\n*****OUTPUT:***** To find the longest palindromic substring, we can first check if the entire string is itself a palindrome. If it is, then the entire string is the longest palindromic substring. If it is not, then we can check if any smaller substrings within the string are palindromes by comparing characters from the outside-in. We can do this iteratively until we find the longest palindromic substring.\n\nFor String 1, \"madam\", we can see that it is already a palindrome. So, the entire string, \"madam\", is the longest palindromic substring.\n\nFor String 2, \"abba\", we can also see that it is a palindrome. So the the entire string, \"abba\", is the longest palindromic substring.\n\nTherefore, the largest palindromic substring for String 1 (\"madam\") is \"madam\". The largest palindromic substring for String 2 (\"abba\") is \"abba\".\n*****QUESTION:***** Does the output contain an explanation for the prediction?", "index": 399}, {"instruction": "Given two strings, determine the largest palindromic substring", "input": "String 1: madam\nString 2: abba", "output": "To find the longest palindromic substring, we can first check if the entire string is itself a palindrome. If it is, then the entire string is the longest palindromic substring. If it is not, then we can check if any smaller substrings within the string are palindromes by comparing characters from the outside-in. We can do this iteratively until we find the longest palindromic substring.\n\nFor String 1, \"madam\", we can see that it is already a palindrome. So, the entire string, \"madam\", is the longest palindromic substring.\n\nFor String 2, \"abba\", we can also see that it is a palindrome. So the the entire string, \"abba\", is the longest palindromic substring.\n\nTherefore, the largest palindromic substring for String 1 (\"madam\") is \"madam\". The largest palindromic substring for String 2 (\"abba\") is \"abba\".", "all_data": "*****INSTRUCTION:***** Given two strings, determine the largest palindromic substring\nString 1: madam\nString 2: abba\n*****OUTPUT:***** To find the longest palindromic substring, we can first check if the entire string is itself a palindrome. If it is, then the entire string is the longest palindromic substring. If it is not, then we can check if any smaller substrings within the string are palindromes by comparing characters from the outside-in. We can do this iteratively until we find the longest palindromic substring.\n\nFor String 1, \"madam\", we can see that it is already a palindrome. So, the entire string, \"madam\", is the longest palindromic substring.\n\nFor String 2, \"abba\", we can also see that it is a palindrome. So the the entire string, \"abba\", is the longest palindromic substring.\n\nTherefore, the largest palindromic substring for String 1 (\"madam\") is \"madam\". The largest palindromic substring for String 2 (\"abba\") is \"abba\".\n*****QUESTION:***** Would you give an explanation/justify your reasoning if you were asked this question by a friend?", "index": 400}, {"instruction": "Given two strings, determine the largest palindromic substring", "input": "String 1: madam\nString 2: abba", "output": "To find the longest palindromic substring, we can first check if the entire string is itself a palindrome. If it is, then the entire string is the longest palindromic substring. If it is not, then we can check if any smaller substrings within the string are palindromes by comparing characters from the outside-in. We can do this iteratively until we find the longest palindromic substring.\n\nFor String 1, \"madam\", we can see that it is already a palindrome. So, the entire string, \"madam\", is the longest palindromic substring.\n\nFor String 2, \"abba\", we can also see that it is a palindrome. So the the entire string, \"abba\", is the longest palindromic substring.\n\nTherefore, the largest palindromic substring for String 1 (\"madam\") is \"madam\". The largest palindromic substring for String 2 (\"abba\") is \"abba\".", "all_data": "*****INSTRUCTION:***** Given two strings, determine the largest palindromic substring\nString 1: madam\nString 2: abba\n*****OUTPUT:***** To find the longest palindromic substring, we can first check if the entire string is itself a palindrome. If it is, then the entire string is the longest palindromic substring. If it is not, then we can check if any smaller substrings within the string are palindromes by comparing characters from the outside-in. We can do this iteratively until we find the longest palindromic substring.\n\nFor String 1, \"madam\", we can see that it is already a palindrome. So, the entire string, \"madam\", is the longest palindromic substring.\n\nFor String 2, \"abba\", we can also see that it is a palindrome. So the the entire string, \"abba\", is the longest palindromic substring.\n\nTherefore, the largest palindromic substring for String 1 (\"madam\") is \"madam\". The largest palindromic substring for String 2 (\"abba\") is \"abba\".\n*****QUESTION:***** If there is an explanation: Does the explanation refer to commonsense concepts that are taken as given?", "index": 401}, {"instruction": "Given two strings, determine the largest palindromic substring", "input": "String 1: madam\nString 2: abba", "output": "To find the longest palindromic substring, we can first check if the entire string is itself a palindrome. If it is, then the entire string is the longest palindromic substring. If it is not, then we can check if any smaller substrings within the string are palindromes by comparing characters from the outside-in. We can do this iteratively until we find the longest palindromic substring.\n\nFor String 1, \"madam\", we can see that it is already a palindrome. So, the entire string, \"madam\", is the longest palindromic substring.\n\nFor String 2, \"abba\", we can also see that it is a palindrome. So the the entire string, \"abba\", is the longest palindromic substring.\n\nTherefore, the largest palindromic substring for String 1 (\"madam\") is \"madam\". The largest palindromic substring for String 2 (\"abba\") is \"abba\".", "all_data": "*****INSTRUCTION:***** Given two strings, determine the largest palindromic substring\nString 1: madam\nString 2: abba\n*****OUTPUT:***** To find the longest palindromic substring, we can first check if the entire string is itself a palindrome. If it is, then the entire string is the longest palindromic substring. If it is not, then we can check if any smaller substrings within the string are palindromes by comparing characters from the outside-in. We can do this iteratively until we find the longest palindromic substring.\n\nFor String 1, \"madam\", we can see that it is already a palindrome. So, the entire string, \"madam\", is the longest palindromic substring.\n\nFor String 2, \"abba\", we can also see that it is a palindrome. So the the entire string, \"abba\", is the longest palindromic substring.\n\nTherefore, the largest palindromic substring for String 1 (\"madam\") is \"madam\". The largest palindromic substring for String 2 (\"abba\") is \"abba\".\n*****QUESTION:***** If there is an explanation: Does the explanation list contributing factors?", "index": 402}, {"instruction": "Given two strings, determine the largest palindromic substring", "input": "String 1: madam\nString 2: abba", "output": "To find the longest palindromic substring, we can first check if the entire string is itself a palindrome. If it is, then the entire string is the longest palindromic substring. If it is not, then we can check if any smaller substrings within the string are palindromes by comparing characters from the outside-in. We can do this iteratively until we find the longest palindromic substring.\n\nFor String 1, \"madam\", we can see that it is already a palindrome. So, the entire string, \"madam\", is the longest palindromic substring.\n\nFor String 2, \"abba\", we can also see that it is a palindrome. So the the entire string, \"abba\", is the longest palindromic substring.\n\nTherefore, the largest palindromic substring for String 1 (\"madam\") is \"madam\". The largest palindromic substring for String 2 (\"abba\") is \"abba\".", "all_data": "*****INSTRUCTION:***** Given two strings, determine the largest palindromic substring\nString 1: madam\nString 2: abba\n*****OUTPUT:***** To find the longest palindromic substring, we can first check if the entire string is itself a palindrome. If it is, then the entire string is the longest palindromic substring. If it is not, then we can check if any smaller substrings within the string are palindromes by comparing characters from the outside-in. We can do this iteratively until we find the longest palindromic substring.\n\nFor String 1, \"madam\", we can see that it is already a palindrome. So, the entire string, \"madam\", is the longest palindromic substring.\n\nFor String 2, \"abba\", we can also see that it is a palindrome. So the the entire string, \"abba\", is the longest palindromic substring.\n\nTherefore, the largest palindromic substring for String 1 (\"madam\") is \"madam\". The largest palindromic substring for String 2 (\"abba\") is \"abba\".\n*****QUESTION:***** If there is an explanation: Does the explanation include subjective or biased criteria?", "index": 403}, {"instruction": "Given two strings, determine the largest palindromic substring", "input": "String 1: madam\nString 2: abba", "output": "To find the longest palindromic substring, we can first check if the entire string is itself a palindrome. If it is, then the entire string is the longest palindromic substring. If it is not, then we can check if any smaller substrings within the string are palindromes by comparing characters from the outside-in. We can do this iteratively until we find the longest palindromic substring.\n\nFor String 1, \"madam\", we can see that it is already a palindrome. So, the entire string, \"madam\", is the longest palindromic substring.\n\nFor String 2, \"abba\", we can also see that it is a palindrome. So the the entire string, \"abba\", is the longest palindromic substring.\n\nTherefore, the largest palindromic substring for String 1 (\"madam\") is \"madam\". The largest palindromic substring for String 2 (\"abba\") is \"abba\".", "all_data": "*****INSTRUCTION:***** Given two strings, determine the largest palindromic substring\nString 1: madam\nString 2: abba\n*****OUTPUT:***** To find the longest palindromic substring, we can first check if the entire string is itself a palindrome. If it is, then the entire string is the longest palindromic substring. If it is not, then we can check if any smaller substrings within the string are palindromes by comparing characters from the outside-in. We can do this iteratively until we find the longest palindromic substring.\n\nFor String 1, \"madam\", we can see that it is already a palindrome. So, the entire string, \"madam\", is the longest palindromic substring.\n\nFor String 2, \"abba\", we can also see that it is a palindrome. So the the entire string, \"abba\", is the longest palindromic substring.\n\nTherefore, the largest palindromic substring for String 1 (\"madam\") is \"madam\". The largest palindromic substring for String 2 (\"abba\") is \"abba\".\n*****QUESTION:***** If there is an explanation: Does the explanation include illustrative elements (e.g. examples)?", "index": 404}, {"instruction": "Given two strings, determine the largest palindromic substring", "input": "String 1: madam\nString 2: abba", "output": "To find the longest palindromic substring, we can first check if the entire string is itself a palindrome. If it is, then the entire string is the longest palindromic substring. If it is not, then we can check if any smaller substrings within the string are palindromes by comparing characters from the outside-in. We can do this iteratively until we find the longest palindromic substring.\n\nFor String 1, \"madam\", we can see that it is already a palindrome. So, the entire string, \"madam\", is the longest palindromic substring.\n\nFor String 2, \"abba\", we can also see that it is a palindrome. So the the entire string, \"abba\", is the longest palindromic substring.\n\nTherefore, the largest palindromic substring for String 1 (\"madam\") is \"madam\". The largest palindromic substring for String 2 (\"abba\") is \"abba\".", "all_data": "*****INSTRUCTION:***** Given two strings, determine the largest palindromic substring\nString 1: madam\nString 2: abba\n*****OUTPUT:***** To find the longest palindromic substring, we can first check if the entire string is itself a palindrome. If it is, then the entire string is the longest palindromic substring. If it is not, then we can check if any smaller substrings within the string are palindromes by comparing characters from the outside-in. We can do this iteratively until we find the longest palindromic substring.\n\nFor String 1, \"madam\", we can see that it is already a palindrome. So, the entire string, \"madam\", is the longest palindromic substring.\n\nFor String 2, \"abba\", we can also see that it is a palindrome. So the the entire string, \"abba\", is the longest palindromic substring.\n\nTherefore, the largest palindromic substring for String 1 (\"madam\") is \"madam\". The largest palindromic substring for String 2 (\"abba\") is \"abba\".\n*****QUESTION:***** If there is an explanation: Is the explanation misleading (e.g. arguing for a label that is wrong)?", "index": 405}, {"instruction": "Identify the controversy in the following passage and explain why it's controversial.", "input": "\"The current presidential election system in the United States is outdated and has been for a long time. It does not reflect the will of the people and needs to be reformed.\"", "output": "The controversy lies in the assertion that the current presidential election system in the United States is outdated and does not reflect the will of the people. This could be seen as a controversial statement because it raises questions and invites debate about the effectiveness and fairness of the current system of electing the President of the United States. Additionally, the suggestion that the system needs to be reformed implies that changes need to be made in order to better reflect the voters' wishes. This is a topic that has been widely debated and could potentially result in significant changes to the political system, so it naturally results in different opinions and viewpoints.", "all_data": "*****INSTRUCTION:***** Identify the controversy in the following passage and explain why it's controversial.\n\"The current presidential election system in the United States is outdated and has been for a long time. It does not reflect the will of the people and needs to be reformed.\"\n*****OUTPUT:***** The controversy lies in the assertion that the current presidential election system in the United States is outdated and does not reflect the will of the people. This could be seen as a controversial statement because it raises questions and invites debate about the effectiveness and fairness of the current system of electing the President of the United States. Additionally, the suggestion that the system needs to be reformed implies that changes need to be made in order to better reflect the voters' wishes. This is a topic that has been widely debated and could potentially result in significant changes to the political system, so it naturally results in different opinions and viewpoints.\n*****QUESTION:***** Does the output contain an explanation for the prediction?", "index": 406}, {"instruction": "Identify the controversy in the following passage and explain why it's controversial.", "input": "\"The current presidential election system in the United States is outdated and has been for a long time. It does not reflect the will of the people and needs to be reformed.\"", "output": "The controversy lies in the assertion that the current presidential election system in the United States is outdated and does not reflect the will of the people. This could be seen as a controversial statement because it raises questions and invites debate about the effectiveness and fairness of the current system of electing the President of the United States. Additionally, the suggestion that the system needs to be reformed implies that changes need to be made in order to better reflect the voters' wishes. This is a topic that has been widely debated and could potentially result in significant changes to the political system, so it naturally results in different opinions and viewpoints.", "all_data": "*****INSTRUCTION:***** Identify the controversy in the following passage and explain why it's controversial.\n\"The current presidential election system in the United States is outdated and has been for a long time. It does not reflect the will of the people and needs to be reformed.\"\n*****OUTPUT:***** The controversy lies in the assertion that the current presidential election system in the United States is outdated and does not reflect the will of the people. This could be seen as a controversial statement because it raises questions and invites debate about the effectiveness and fairness of the current system of electing the President of the United States. Additionally, the suggestion that the system needs to be reformed implies that changes need to be made in order to better reflect the voters' wishes. This is a topic that has been widely debated and could potentially result in significant changes to the political system, so it naturally results in different opinions and viewpoints.\n*****QUESTION:***** Would you give an explanation/justify your reasoning if you were asked this question by a friend?", "index": 407}, {"instruction": "Identify the controversy in the following passage and explain why it's controversial.", "input": "\"The current presidential election system in the United States is outdated and has been for a long time. It does not reflect the will of the people and needs to be reformed.\"", "output": "The controversy lies in the assertion that the current presidential election system in the United States is outdated and does not reflect the will of the people. This could be seen as a controversial statement because it raises questions and invites debate about the effectiveness and fairness of the current system of electing the President of the United States. Additionally, the suggestion that the system needs to be reformed implies that changes need to be made in order to better reflect the voters' wishes. This is a topic that has been widely debated and could potentially result in significant changes to the political system, so it naturally results in different opinions and viewpoints.", "all_data": "*****INSTRUCTION:***** Identify the controversy in the following passage and explain why it's controversial.\n\"The current presidential election system in the United States is outdated and has been for a long time. It does not reflect the will of the people and needs to be reformed.\"\n*****OUTPUT:***** The controversy lies in the assertion that the current presidential election system in the United States is outdated and does not reflect the will of the people. This could be seen as a controversial statement because it raises questions and invites debate about the effectiveness and fairness of the current system of electing the President of the United States. Additionally, the suggestion that the system needs to be reformed implies that changes need to be made in order to better reflect the voters' wishes. This is a topic that has been widely debated and could potentially result in significant changes to the political system, so it naturally results in different opinions and viewpoints.\n*****QUESTION:***** If there is an explanation: Does the explanation refer to commonsense concepts that are taken as given?", "index": 408}, {"instruction": "Identify the controversy in the following passage and explain why it's controversial.", "input": "\"The current presidential election system in the United States is outdated and has been for a long time. It does not reflect the will of the people and needs to be reformed.\"", "output": "The controversy lies in the assertion that the current presidential election system in the United States is outdated and does not reflect the will of the people. This could be seen as a controversial statement because it raises questions and invites debate about the effectiveness and fairness of the current system of electing the President of the United States. Additionally, the suggestion that the system needs to be reformed implies that changes need to be made in order to better reflect the voters' wishes. This is a topic that has been widely debated and could potentially result in significant changes to the political system, so it naturally results in different opinions and viewpoints.", "all_data": "*****INSTRUCTION:***** Identify the controversy in the following passage and explain why it's controversial.\n\"The current presidential election system in the United States is outdated and has been for a long time. It does not reflect the will of the people and needs to be reformed.\"\n*****OUTPUT:***** The controversy lies in the assertion that the current presidential election system in the United States is outdated and does not reflect the will of the people. This could be seen as a controversial statement because it raises questions and invites debate about the effectiveness and fairness of the current system of electing the President of the United States. Additionally, the suggestion that the system needs to be reformed implies that changes need to be made in order to better reflect the voters' wishes. This is a topic that has been widely debated and could potentially result in significant changes to the political system, so it naturally results in different opinions and viewpoints.\n*****QUESTION:***** If there is an explanation: Does the explanation list contributing factors?", "index": 409}, {"instruction": "Identify the controversy in the following passage and explain why it's controversial.", "input": "\"The current presidential election system in the United States is outdated and has been for a long time. It does not reflect the will of the people and needs to be reformed.\"", "output": "The controversy lies in the assertion that the current presidential election system in the United States is outdated and does not reflect the will of the people. This could be seen as a controversial statement because it raises questions and invites debate about the effectiveness and fairness of the current system of electing the President of the United States. Additionally, the suggestion that the system needs to be reformed implies that changes need to be made in order to better reflect the voters' wishes. This is a topic that has been widely debated and could potentially result in significant changes to the political system, so it naturally results in different opinions and viewpoints.", "all_data": "*****INSTRUCTION:***** Identify the controversy in the following passage and explain why it's controversial.\n\"The current presidential election system in the United States is outdated and has been for a long time. It does not reflect the will of the people and needs to be reformed.\"\n*****OUTPUT:***** The controversy lies in the assertion that the current presidential election system in the United States is outdated and does not reflect the will of the people. This could be seen as a controversial statement because it raises questions and invites debate about the effectiveness and fairness of the current system of electing the President of the United States. Additionally, the suggestion that the system needs to be reformed implies that changes need to be made in order to better reflect the voters' wishes. This is a topic that has been widely debated and could potentially result in significant changes to the political system, so it naturally results in different opinions and viewpoints.\n*****QUESTION:***** If there is an explanation: Does the explanation include subjective or biased criteria?", "index": 410}, {"instruction": "Identify the controversy in the following passage and explain why it's controversial.", "input": "\"The current presidential election system in the United States is outdated and has been for a long time. It does not reflect the will of the people and needs to be reformed.\"", "output": "The controversy lies in the assertion that the current presidential election system in the United States is outdated and does not reflect the will of the people. This could be seen as a controversial statement because it raises questions and invites debate about the effectiveness and fairness of the current system of electing the President of the United States. Additionally, the suggestion that the system needs to be reformed implies that changes need to be made in order to better reflect the voters' wishes. This is a topic that has been widely debated and could potentially result in significant changes to the political system, so it naturally results in different opinions and viewpoints.", "all_data": "*****INSTRUCTION:***** Identify the controversy in the following passage and explain why it's controversial.\n\"The current presidential election system in the United States is outdated and has been for a long time. It does not reflect the will of the people and needs to be reformed.\"\n*****OUTPUT:***** The controversy lies in the assertion that the current presidential election system in the United States is outdated and does not reflect the will of the people. This could be seen as a controversial statement because it raises questions and invites debate about the effectiveness and fairness of the current system of electing the President of the United States. Additionally, the suggestion that the system needs to be reformed implies that changes need to be made in order to better reflect the voters' wishes. This is a topic that has been widely debated and could potentially result in significant changes to the political system, so it naturally results in different opinions and viewpoints.\n*****QUESTION:***** If there is an explanation: Does the explanation include illustrative elements (e.g. examples)?", "index": 411}, {"instruction": "Identify the controversy in the following passage and explain why it's controversial.", "input": "\"The current presidential election system in the United States is outdated and has been for a long time. It does not reflect the will of the people and needs to be reformed.\"", "output": "The controversy lies in the assertion that the current presidential election system in the United States is outdated and does not reflect the will of the people. This could be seen as a controversial statement because it raises questions and invites debate about the effectiveness and fairness of the current system of electing the President of the United States. Additionally, the suggestion that the system needs to be reformed implies that changes need to be made in order to better reflect the voters' wishes. This is a topic that has been widely debated and could potentially result in significant changes to the political system, so it naturally results in different opinions and viewpoints.", "all_data": "*****INSTRUCTION:***** Identify the controversy in the following passage and explain why it's controversial.\n\"The current presidential election system in the United States is outdated and has been for a long time. It does not reflect the will of the people and needs to be reformed.\"\n*****OUTPUT:***** The controversy lies in the assertion that the current presidential election system in the United States is outdated and does not reflect the will of the people. This could be seen as a controversial statement because it raises questions and invites debate about the effectiveness and fairness of the current system of electing the President of the United States. Additionally, the suggestion that the system needs to be reformed implies that changes need to be made in order to better reflect the voters' wishes. This is a topic that has been widely debated and could potentially result in significant changes to the political system, so it naturally results in different opinions and viewpoints.\n*****QUESTION:***** If there is an explanation: Is the explanation misleading (e.g. arguing for a label that is wrong)?", "index": 412}, {"instruction": "Reverse engineer the following code and explain the logic of it.", "input": "def find_smallest_multiple(n):\n    x = n\n    while True:\n        if isDivisible(x, n):\n            return x\n        x += n", "output": "This code defines a function called `find_smallest_multiple` that takes one parameter, `n`, which is an integer. The purpose of this function is to find the smallest multiple of `n` that is evenly divisible by all integers from 1 to `n`. \n\nThe function starts by setting a variable `x` equal to `n`. Then, it enters an infinite loop using a `while True:` statement. Within this loop, the function uses an if statement to check if the value of `x` is divisible by all integers from 1 to `n`. It does this by calling another function `isDivisible()` and passing in `x` and `n` as arguments.\n\nIf `x` is divisible by all integers from 1 to `n`, then the function returns the value of `x` as the result. If not, the value of `x` is incremented by `n` and the loop continues. This continues until a value of `x` is found that is evenly divisible by all integers from 1 to `n`, at which point the function returns the result.\n\nOverall, this code is using a brute-force approach to find the smallest multiple of `n` that is divisible by all integers from 1 to `n` by continuously checking multiples of `n` until one is found that meets the criteria.", "all_data": "*****INSTRUCTION:***** Reverse engineer the following code and explain the logic of it.\ndef find_smallest_multiple(n):\n    x = n\n    while True:\n        if isDivisible(x, n):\n            return x\n        x += n\n*****OUTPUT:***** This code defines a function called `find_smallest_multiple` that takes one parameter, `n`, which is an integer. The purpose of this function is to find the smallest multiple of `n` that is evenly divisible by all integers from 1 to `n`. \n\nThe function starts by setting a variable `x` equal to `n`. Then, it enters an infinite loop using a `while True:` statement. Within this loop, the function uses an if statement to check if the value of `x` is divisible by all integers from 1 to `n`. It does this by calling another function `isDivisible()` and passing in `x` and `n` as arguments.\n\nIf `x` is divisible by all integers from 1 to `n`, then the function returns the value of `x` as the result. If not, the value of `x` is incremented by `n` and the loop continues. This continues until a value of `x` is found that is evenly divisible by all integers from 1 to `n`, at which point the function returns the result.\n\nOverall, this code is using a brute-force approach to find the smallest multiple of `n` that is divisible by all integers from 1 to `n` by continuously checking multiples of `n` until one is found that meets the criteria.\n*****QUESTION:***** Does the output contain an explanation for the prediction?", "index": 413}, {"instruction": "Reverse engineer the following code and explain the logic of it.", "input": "def find_smallest_multiple(n):\n    x = n\n    while True:\n        if isDivisible(x, n):\n            return x\n        x += n", "output": "This code defines a function called `find_smallest_multiple` that takes one parameter, `n`, which is an integer. The purpose of this function is to find the smallest multiple of `n` that is evenly divisible by all integers from 1 to `n`. \n\nThe function starts by setting a variable `x` equal to `n`. Then, it enters an infinite loop using a `while True:` statement. Within this loop, the function uses an if statement to check if the value of `x` is divisible by all integers from 1 to `n`. It does this by calling another function `isDivisible()` and passing in `x` and `n` as arguments.\n\nIf `x` is divisible by all integers from 1 to `n`, then the function returns the value of `x` as the result. If not, the value of `x` is incremented by `n` and the loop continues. This continues until a value of `x` is found that is evenly divisible by all integers from 1 to `n`, at which point the function returns the result.\n\nOverall, this code is using a brute-force approach to find the smallest multiple of `n` that is divisible by all integers from 1 to `n` by continuously checking multiples of `n` until one is found that meets the criteria.", "all_data": "*****INSTRUCTION:***** Reverse engineer the following code and explain the logic of it.\ndef find_smallest_multiple(n):\n    x = n\n    while True:\n        if isDivisible(x, n):\n            return x\n        x += n\n*****OUTPUT:***** This code defines a function called `find_smallest_multiple` that takes one parameter, `n`, which is an integer. The purpose of this function is to find the smallest multiple of `n` that is evenly divisible by all integers from 1 to `n`. \n\nThe function starts by setting a variable `x` equal to `n`. Then, it enters an infinite loop using a `while True:` statement. Within this loop, the function uses an if statement to check if the value of `x` is divisible by all integers from 1 to `n`. It does this by calling another function `isDivisible()` and passing in `x` and `n` as arguments.\n\nIf `x` is divisible by all integers from 1 to `n`, then the function returns the value of `x` as the result. If not, the value of `x` is incremented by `n` and the loop continues. This continues until a value of `x` is found that is evenly divisible by all integers from 1 to `n`, at which point the function returns the result.\n\nOverall, this code is using a brute-force approach to find the smallest multiple of `n` that is divisible by all integers from 1 to `n` by continuously checking multiples of `n` until one is found that meets the criteria.\n*****QUESTION:***** Would you give an explanation/justify your reasoning if you were asked this question by a friend?", "index": 414}, {"instruction": "Reverse engineer the following code and explain the logic of it.", "input": "def find_smallest_multiple(n):\n    x = n\n    while True:\n        if isDivisible(x, n):\n            return x\n        x += n", "output": "This code defines a function called `find_smallest_multiple` that takes one parameter, `n`, which is an integer. The purpose of this function is to find the smallest multiple of `n` that is evenly divisible by all integers from 1 to `n`. \n\nThe function starts by setting a variable `x` equal to `n`. Then, it enters an infinite loop using a `while True:` statement. Within this loop, the function uses an if statement to check if the value of `x` is divisible by all integers from 1 to `n`. It does this by calling another function `isDivisible()` and passing in `x` and `n` as arguments.\n\nIf `x` is divisible by all integers from 1 to `n`, then the function returns the value of `x` as the result. If not, the value of `x` is incremented by `n` and the loop continues. This continues until a value of `x` is found that is evenly divisible by all integers from 1 to `n`, at which point the function returns the result.\n\nOverall, this code is using a brute-force approach to find the smallest multiple of `n` that is divisible by all integers from 1 to `n` by continuously checking multiples of `n` until one is found that meets the criteria.", "all_data": "*****INSTRUCTION:***** Reverse engineer the following code and explain the logic of it.\ndef find_smallest_multiple(n):\n    x = n\n    while True:\n        if isDivisible(x, n):\n            return x\n        x += n\n*****OUTPUT:***** This code defines a function called `find_smallest_multiple` that takes one parameter, `n`, which is an integer. The purpose of this function is to find the smallest multiple of `n` that is evenly divisible by all integers from 1 to `n`. \n\nThe function starts by setting a variable `x` equal to `n`. Then, it enters an infinite loop using a `while True:` statement. Within this loop, the function uses an if statement to check if the value of `x` is divisible by all integers from 1 to `n`. It does this by calling another function `isDivisible()` and passing in `x` and `n` as arguments.\n\nIf `x` is divisible by all integers from 1 to `n`, then the function returns the value of `x` as the result. If not, the value of `x` is incremented by `n` and the loop continues. This continues until a value of `x` is found that is evenly divisible by all integers from 1 to `n`, at which point the function returns the result.\n\nOverall, this code is using a brute-force approach to find the smallest multiple of `n` that is divisible by all integers from 1 to `n` by continuously checking multiples of `n` until one is found that meets the criteria.\n*****QUESTION:***** If there is an explanation: Does the explanation refer to commonsense concepts that are taken as given?", "index": 415}, {"instruction": "Reverse engineer the following code and explain the logic of it.", "input": "def find_smallest_multiple(n):\n    x = n\n    while True:\n        if isDivisible(x, n):\n            return x\n        x += n", "output": "This code defines a function called `find_smallest_multiple` that takes one parameter, `n`, which is an integer. The purpose of this function is to find the smallest multiple of `n` that is evenly divisible by all integers from 1 to `n`. \n\nThe function starts by setting a variable `x` equal to `n`. Then, it enters an infinite loop using a `while True:` statement. Within this loop, the function uses an if statement to check if the value of `x` is divisible by all integers from 1 to `n`. It does this by calling another function `isDivisible()` and passing in `x` and `n` as arguments.\n\nIf `x` is divisible by all integers from 1 to `n`, then the function returns the value of `x` as the result. If not, the value of `x` is incremented by `n` and the loop continues. This continues until a value of `x` is found that is evenly divisible by all integers from 1 to `n`, at which point the function returns the result.\n\nOverall, this code is using a brute-force approach to find the smallest multiple of `n` that is divisible by all integers from 1 to `n` by continuously checking multiples of `n` until one is found that meets the criteria.", "all_data": "*****INSTRUCTION:***** Reverse engineer the following code and explain the logic of it.\ndef find_smallest_multiple(n):\n    x = n\n    while True:\n        if isDivisible(x, n):\n            return x\n        x += n\n*****OUTPUT:***** This code defines a function called `find_smallest_multiple` that takes one parameter, `n`, which is an integer. The purpose of this function is to find the smallest multiple of `n` that is evenly divisible by all integers from 1 to `n`. \n\nThe function starts by setting a variable `x` equal to `n`. Then, it enters an infinite loop using a `while True:` statement. Within this loop, the function uses an if statement to check if the value of `x` is divisible by all integers from 1 to `n`. It does this by calling another function `isDivisible()` and passing in `x` and `n` as arguments.\n\nIf `x` is divisible by all integers from 1 to `n`, then the function returns the value of `x` as the result. If not, the value of `x` is incremented by `n` and the loop continues. This continues until a value of `x` is found that is evenly divisible by all integers from 1 to `n`, at which point the function returns the result.\n\nOverall, this code is using a brute-force approach to find the smallest multiple of `n` that is divisible by all integers from 1 to `n` by continuously checking multiples of `n` until one is found that meets the criteria.\n*****QUESTION:***** If there is an explanation: Does the explanation list contributing factors?", "index": 416}, {"instruction": "Reverse engineer the following code and explain the logic of it.", "input": "def find_smallest_multiple(n):\n    x = n\n    while True:\n        if isDivisible(x, n):\n            return x\n        x += n", "output": "This code defines a function called `find_smallest_multiple` that takes one parameter, `n`, which is an integer. The purpose of this function is to find the smallest multiple of `n` that is evenly divisible by all integers from 1 to `n`. \n\nThe function starts by setting a variable `x` equal to `n`. Then, it enters an infinite loop using a `while True:` statement. Within this loop, the function uses an if statement to check if the value of `x` is divisible by all integers from 1 to `n`. It does this by calling another function `isDivisible()` and passing in `x` and `n` as arguments.\n\nIf `x` is divisible by all integers from 1 to `n`, then the function returns the value of `x` as the result. If not, the value of `x` is incremented by `n` and the loop continues. This continues until a value of `x` is found that is evenly divisible by all integers from 1 to `n`, at which point the function returns the result.\n\nOverall, this code is using a brute-force approach to find the smallest multiple of `n` that is divisible by all integers from 1 to `n` by continuously checking multiples of `n` until one is found that meets the criteria.", "all_data": "*****INSTRUCTION:***** Reverse engineer the following code and explain the logic of it.\ndef find_smallest_multiple(n):\n    x = n\n    while True:\n        if isDivisible(x, n):\n            return x\n        x += n\n*****OUTPUT:***** This code defines a function called `find_smallest_multiple` that takes one parameter, `n`, which is an integer. The purpose of this function is to find the smallest multiple of `n` that is evenly divisible by all integers from 1 to `n`. \n\nThe function starts by setting a variable `x` equal to `n`. Then, it enters an infinite loop using a `while True:` statement. Within this loop, the function uses an if statement to check if the value of `x` is divisible by all integers from 1 to `n`. It does this by calling another function `isDivisible()` and passing in `x` and `n` as arguments.\n\nIf `x` is divisible by all integers from 1 to `n`, then the function returns the value of `x` as the result. If not, the value of `x` is incremented by `n` and the loop continues. This continues until a value of `x` is found that is evenly divisible by all integers from 1 to `n`, at which point the function returns the result.\n\nOverall, this code is using a brute-force approach to find the smallest multiple of `n` that is divisible by all integers from 1 to `n` by continuously checking multiples of `n` until one is found that meets the criteria.\n*****QUESTION:***** If there is an explanation: Does the explanation include subjective or biased criteria?", "index": 417}, {"instruction": "Reverse engineer the following code and explain the logic of it.", "input": "def find_smallest_multiple(n):\n    x = n\n    while True:\n        if isDivisible(x, n):\n            return x\n        x += n", "output": "This code defines a function called `find_smallest_multiple` that takes one parameter, `n`, which is an integer. The purpose of this function is to find the smallest multiple of `n` that is evenly divisible by all integers from 1 to `n`. \n\nThe function starts by setting a variable `x` equal to `n`. Then, it enters an infinite loop using a `while True:` statement. Within this loop, the function uses an if statement to check if the value of `x` is divisible by all integers from 1 to `n`. It does this by calling another function `isDivisible()` and passing in `x` and `n` as arguments.\n\nIf `x` is divisible by all integers from 1 to `n`, then the function returns the value of `x` as the result. If not, the value of `x` is incremented by `n` and the loop continues. This continues until a value of `x` is found that is evenly divisible by all integers from 1 to `n`, at which point the function returns the result.\n\nOverall, this code is using a brute-force approach to find the smallest multiple of `n` that is divisible by all integers from 1 to `n` by continuously checking multiples of `n` until one is found that meets the criteria.", "all_data": "*****INSTRUCTION:***** Reverse engineer the following code and explain the logic of it.\ndef find_smallest_multiple(n):\n    x = n\n    while True:\n        if isDivisible(x, n):\n            return x\n        x += n\n*****OUTPUT:***** This code defines a function called `find_smallest_multiple` that takes one parameter, `n`, which is an integer. The purpose of this function is to find the smallest multiple of `n` that is evenly divisible by all integers from 1 to `n`. \n\nThe function starts by setting a variable `x` equal to `n`. Then, it enters an infinite loop using a `while True:` statement. Within this loop, the function uses an if statement to check if the value of `x` is divisible by all integers from 1 to `n`. It does this by calling another function `isDivisible()` and passing in `x` and `n` as arguments.\n\nIf `x` is divisible by all integers from 1 to `n`, then the function returns the value of `x` as the result. If not, the value of `x` is incremented by `n` and the loop continues. This continues until a value of `x` is found that is evenly divisible by all integers from 1 to `n`, at which point the function returns the result.\n\nOverall, this code is using a brute-force approach to find the smallest multiple of `n` that is divisible by all integers from 1 to `n` by continuously checking multiples of `n` until one is found that meets the criteria.\n*****QUESTION:***** If there is an explanation: Does the explanation include illustrative elements (e.g. examples)?", "index": 418}, {"instruction": "Reverse engineer the following code and explain the logic of it.", "input": "def find_smallest_multiple(n):\n    x = n\n    while True:\n        if isDivisible(x, n):\n            return x\n        x += n", "output": "This code defines a function called `find_smallest_multiple` that takes one parameter, `n`, which is an integer. The purpose of this function is to find the smallest multiple of `n` that is evenly divisible by all integers from 1 to `n`. \n\nThe function starts by setting a variable `x` equal to `n`. Then, it enters an infinite loop using a `while True:` statement. Within this loop, the function uses an if statement to check if the value of `x` is divisible by all integers from 1 to `n`. It does this by calling another function `isDivisible()` and passing in `x` and `n` as arguments.\n\nIf `x` is divisible by all integers from 1 to `n`, then the function returns the value of `x` as the result. If not, the value of `x` is incremented by `n` and the loop continues. This continues until a value of `x` is found that is evenly divisible by all integers from 1 to `n`, at which point the function returns the result.\n\nOverall, this code is using a brute-force approach to find the smallest multiple of `n` that is divisible by all integers from 1 to `n` by continuously checking multiples of `n` until one is found that meets the criteria.", "all_data": "*****INSTRUCTION:***** Reverse engineer the following code and explain the logic of it.\ndef find_smallest_multiple(n):\n    x = n\n    while True:\n        if isDivisible(x, n):\n            return x\n        x += n\n*****OUTPUT:***** This code defines a function called `find_smallest_multiple` that takes one parameter, `n`, which is an integer. The purpose of this function is to find the smallest multiple of `n` that is evenly divisible by all integers from 1 to `n`. \n\nThe function starts by setting a variable `x` equal to `n`. Then, it enters an infinite loop using a `while True:` statement. Within this loop, the function uses an if statement to check if the value of `x` is divisible by all integers from 1 to `n`. It does this by calling another function `isDivisible()` and passing in `x` and `n` as arguments.\n\nIf `x` is divisible by all integers from 1 to `n`, then the function returns the value of `x` as the result. If not, the value of `x` is incremented by `n` and the loop continues. This continues until a value of `x` is found that is evenly divisible by all integers from 1 to `n`, at which point the function returns the result.\n\nOverall, this code is using a brute-force approach to find the smallest multiple of `n` that is divisible by all integers from 1 to `n` by continuously checking multiples of `n` until one is found that meets the criteria.\n*****QUESTION:***** If there is an explanation: Is the explanation misleading (e.g. arguing for a label that is wrong)?", "index": 419}, {"instruction": "List three safety measures for driving in icy conditions.", "input": "", "output": "1. Reduce speed and increase following distance: In icy conditions, it is important to slow down and increase the distance between your vehicle and the vehicle in front of you. This gives you more time to react in case the vehicle in front of you starts to skid, or if there is a sudden obstacle on the road.\n\n2. Brake gently and avoid sudden movements: When driving on ice, it's important to avoid sudden movements, such as sharp turns or sudden braking, which can cause your vehicle to lose traction and skid. Instead, brake gently and gradually, and make smooth and controlled movements while steering.\n\n3. Use winter tires and check their condition: Winter tires are designed to provide better traction on snowy and icy roads. Before setting out on a trip, make sure your winter tires are in good condition, with enough tread to provide sufficient traction. If you don't have winter tires, consider investing in a set, or avoid driving until conditions have improved.", "all_data": "*****INSTRUCTION:***** List three safety measures for driving in icy conditions.\n\n*****OUTPUT:***** 1. Reduce speed and increase following distance: In icy conditions, it is important to slow down and increase the distance between your vehicle and the vehicle in front of you. This gives you more time to react in case the vehicle in front of you starts to skid, or if there is a sudden obstacle on the road.\n\n2. Brake gently and avoid sudden movements: When driving on ice, it's important to avoid sudden movements, such as sharp turns or sudden braking, which can cause your vehicle to lose traction and skid. Instead, brake gently and gradually, and make smooth and controlled movements while steering.\n\n3. Use winter tires and check their condition: Winter tires are designed to provide better traction on snowy and icy roads. Before setting out on a trip, make sure your winter tires are in good condition, with enough tread to provide sufficient traction. If you don't have winter tires, consider investing in a set, or avoid driving until conditions have improved.\n*****QUESTION:***** Does the output contain an explanation for the prediction?", "index": 420}, {"instruction": "List three safety measures for driving in icy conditions.", "input": "", "output": "1. Reduce speed and increase following distance: In icy conditions, it is important to slow down and increase the distance between your vehicle and the vehicle in front of you. This gives you more time to react in case the vehicle in front of you starts to skid, or if there is a sudden obstacle on the road.\n\n2. Brake gently and avoid sudden movements: When driving on ice, it's important to avoid sudden movements, such as sharp turns or sudden braking, which can cause your vehicle to lose traction and skid. Instead, brake gently and gradually, and make smooth and controlled movements while steering.\n\n3. Use winter tires and check their condition: Winter tires are designed to provide better traction on snowy and icy roads. Before setting out on a trip, make sure your winter tires are in good condition, with enough tread to provide sufficient traction. If you don't have winter tires, consider investing in a set, or avoid driving until conditions have improved.", "all_data": "*****INSTRUCTION:***** List three safety measures for driving in icy conditions.\n\n*****OUTPUT:***** 1. Reduce speed and increase following distance: In icy conditions, it is important to slow down and increase the distance between your vehicle and the vehicle in front of you. This gives you more time to react in case the vehicle in front of you starts to skid, or if there is a sudden obstacle on the road.\n\n2. Brake gently and avoid sudden movements: When driving on ice, it's important to avoid sudden movements, such as sharp turns or sudden braking, which can cause your vehicle to lose traction and skid. Instead, brake gently and gradually, and make smooth and controlled movements while steering.\n\n3. Use winter tires and check their condition: Winter tires are designed to provide better traction on snowy and icy roads. Before setting out on a trip, make sure your winter tires are in good condition, with enough tread to provide sufficient traction. If you don't have winter tires, consider investing in a set, or avoid driving until conditions have improved.\n*****QUESTION:***** Would you give an explanation/justify your reasoning if you were asked this question by a friend?", "index": 421}, {"instruction": "List three safety measures for driving in icy conditions.", "input": "", "output": "1. Reduce speed and increase following distance: In icy conditions, it is important to slow down and increase the distance between your vehicle and the vehicle in front of you. This gives you more time to react in case the vehicle in front of you starts to skid, or if there is a sudden obstacle on the road.\n\n2. Brake gently and avoid sudden movements: When driving on ice, it's important to avoid sudden movements, such as sharp turns or sudden braking, which can cause your vehicle to lose traction and skid. Instead, brake gently and gradually, and make smooth and controlled movements while steering.\n\n3. Use winter tires and check their condition: Winter tires are designed to provide better traction on snowy and icy roads. Before setting out on a trip, make sure your winter tires are in good condition, with enough tread to provide sufficient traction. If you don't have winter tires, consider investing in a set, or avoid driving until conditions have improved.", "all_data": "*****INSTRUCTION:***** List three safety measures for driving in icy conditions.\n\n*****OUTPUT:***** 1. Reduce speed and increase following distance: In icy conditions, it is important to slow down and increase the distance between your vehicle and the vehicle in front of you. This gives you more time to react in case the vehicle in front of you starts to skid, or if there is a sudden obstacle on the road.\n\n2. Brake gently and avoid sudden movements: When driving on ice, it's important to avoid sudden movements, such as sharp turns or sudden braking, which can cause your vehicle to lose traction and skid. Instead, brake gently and gradually, and make smooth and controlled movements while steering.\n\n3. Use winter tires and check their condition: Winter tires are designed to provide better traction on snowy and icy roads. Before setting out on a trip, make sure your winter tires are in good condition, with enough tread to provide sufficient traction. If you don't have winter tires, consider investing in a set, or avoid driving until conditions have improved.\n*****QUESTION:***** If there is an explanation: Does the explanation refer to commonsense concepts that are taken as given?", "index": 422}, {"instruction": "List three safety measures for driving in icy conditions.", "input": "", "output": "1. Reduce speed and increase following distance: In icy conditions, it is important to slow down and increase the distance between your vehicle and the vehicle in front of you. This gives you more time to react in case the vehicle in front of you starts to skid, or if there is a sudden obstacle on the road.\n\n2. Brake gently and avoid sudden movements: When driving on ice, it's important to avoid sudden movements, such as sharp turns or sudden braking, which can cause your vehicle to lose traction and skid. Instead, brake gently and gradually, and make smooth and controlled movements while steering.\n\n3. Use winter tires and check their condition: Winter tires are designed to provide better traction on snowy and icy roads. Before setting out on a trip, make sure your winter tires are in good condition, with enough tread to provide sufficient traction. If you don't have winter tires, consider investing in a set, or avoid driving until conditions have improved.", "all_data": "*****INSTRUCTION:***** List three safety measures for driving in icy conditions.\n\n*****OUTPUT:***** 1. Reduce speed and increase following distance: In icy conditions, it is important to slow down and increase the distance between your vehicle and the vehicle in front of you. This gives you more time to react in case the vehicle in front of you starts to skid, or if there is a sudden obstacle on the road.\n\n2. Brake gently and avoid sudden movements: When driving on ice, it's important to avoid sudden movements, such as sharp turns or sudden braking, which can cause your vehicle to lose traction and skid. Instead, brake gently and gradually, and make smooth and controlled movements while steering.\n\n3. Use winter tires and check their condition: Winter tires are designed to provide better traction on snowy and icy roads. Before setting out on a trip, make sure your winter tires are in good condition, with enough tread to provide sufficient traction. If you don't have winter tires, consider investing in a set, or avoid driving until conditions have improved.\n*****QUESTION:***** If there is an explanation: Does the explanation list contributing factors?", "index": 423}, {"instruction": "List three safety measures for driving in icy conditions.", "input": "", "output": "1. Reduce speed and increase following distance: In icy conditions, it is important to slow down and increase the distance between your vehicle and the vehicle in front of you. This gives you more time to react in case the vehicle in front of you starts to skid, or if there is a sudden obstacle on the road.\n\n2. Brake gently and avoid sudden movements: When driving on ice, it's important to avoid sudden movements, such as sharp turns or sudden braking, which can cause your vehicle to lose traction and skid. Instead, brake gently and gradually, and make smooth and controlled movements while steering.\n\n3. Use winter tires and check their condition: Winter tires are designed to provide better traction on snowy and icy roads. Before setting out on a trip, make sure your winter tires are in good condition, with enough tread to provide sufficient traction. If you don't have winter tires, consider investing in a set, or avoid driving until conditions have improved.", "all_data": "*****INSTRUCTION:***** List three safety measures for driving in icy conditions.\n\n*****OUTPUT:***** 1. Reduce speed and increase following distance: In icy conditions, it is important to slow down and increase the distance between your vehicle and the vehicle in front of you. This gives you more time to react in case the vehicle in front of you starts to skid, or if there is a sudden obstacle on the road.\n\n2. Brake gently and avoid sudden movements: When driving on ice, it's important to avoid sudden movements, such as sharp turns or sudden braking, which can cause your vehicle to lose traction and skid. Instead, brake gently and gradually, and make smooth and controlled movements while steering.\n\n3. Use winter tires and check their condition: Winter tires are designed to provide better traction on snowy and icy roads. Before setting out on a trip, make sure your winter tires are in good condition, with enough tread to provide sufficient traction. If you don't have winter tires, consider investing in a set, or avoid driving until conditions have improved.\n*****QUESTION:***** If there is an explanation: Does the explanation include subjective or biased criteria?", "index": 424}, {"instruction": "List three safety measures for driving in icy conditions.", "input": "", "output": "1. Reduce speed and increase following distance: In icy conditions, it is important to slow down and increase the distance between your vehicle and the vehicle in front of you. This gives you more time to react in case the vehicle in front of you starts to skid, or if there is a sudden obstacle on the road.\n\n2. Brake gently and avoid sudden movements: When driving on ice, it's important to avoid sudden movements, such as sharp turns or sudden braking, which can cause your vehicle to lose traction and skid. Instead, brake gently and gradually, and make smooth and controlled movements while steering.\n\n3. Use winter tires and check their condition: Winter tires are designed to provide better traction on snowy and icy roads. Before setting out on a trip, make sure your winter tires are in good condition, with enough tread to provide sufficient traction. If you don't have winter tires, consider investing in a set, or avoid driving until conditions have improved.", "all_data": "*****INSTRUCTION:***** List three safety measures for driving in icy conditions.\n\n*****OUTPUT:***** 1. Reduce speed and increase following distance: In icy conditions, it is important to slow down and increase the distance between your vehicle and the vehicle in front of you. This gives you more time to react in case the vehicle in front of you starts to skid, or if there is a sudden obstacle on the road.\n\n2. Brake gently and avoid sudden movements: When driving on ice, it's important to avoid sudden movements, such as sharp turns or sudden braking, which can cause your vehicle to lose traction and skid. Instead, brake gently and gradually, and make smooth and controlled movements while steering.\n\n3. Use winter tires and check their condition: Winter tires are designed to provide better traction on snowy and icy roads. Before setting out on a trip, make sure your winter tires are in good condition, with enough tread to provide sufficient traction. If you don't have winter tires, consider investing in a set, or avoid driving until conditions have improved.\n*****QUESTION:***** If there is an explanation: Does the explanation include illustrative elements (e.g. examples)?", "index": 425}, {"instruction": "List three safety measures for driving in icy conditions.", "input": "", "output": "1. Reduce speed and increase following distance: In icy conditions, it is important to slow down and increase the distance between your vehicle and the vehicle in front of you. This gives you more time to react in case the vehicle in front of you starts to skid, or if there is a sudden obstacle on the road.\n\n2. Brake gently and avoid sudden movements: When driving on ice, it's important to avoid sudden movements, such as sharp turns or sudden braking, which can cause your vehicle to lose traction and skid. Instead, brake gently and gradually, and make smooth and controlled movements while steering.\n\n3. Use winter tires and check their condition: Winter tires are designed to provide better traction on snowy and icy roads. Before setting out on a trip, make sure your winter tires are in good condition, with enough tread to provide sufficient traction. If you don't have winter tires, consider investing in a set, or avoid driving until conditions have improved.", "all_data": "*****INSTRUCTION:***** List three safety measures for driving in icy conditions.\n\n*****OUTPUT:***** 1. Reduce speed and increase following distance: In icy conditions, it is important to slow down and increase the distance between your vehicle and the vehicle in front of you. This gives you more time to react in case the vehicle in front of you starts to skid, or if there is a sudden obstacle on the road.\n\n2. Brake gently and avoid sudden movements: When driving on ice, it's important to avoid sudden movements, such as sharp turns or sudden braking, which can cause your vehicle to lose traction and skid. Instead, brake gently and gradually, and make smooth and controlled movements while steering.\n\n3. Use winter tires and check their condition: Winter tires are designed to provide better traction on snowy and icy roads. Before setting out on a trip, make sure your winter tires are in good condition, with enough tread to provide sufficient traction. If you don't have winter tires, consider investing in a set, or avoid driving until conditions have improved.\n*****QUESTION:***** If there is an explanation: Is the explanation misleading (e.g. arguing for a label that is wrong)?", "index": 426}, {"instruction": "Convert this quantity into its equivalent in liters.", "input": "42 ounces", "output": "42 ounces is equivalent to approximately 1.24271 liters.", "all_data": "*****INSTRUCTION:***** Convert this quantity into its equivalent in liters.\n42 ounces\n*****OUTPUT:***** 42 ounces is equivalent to approximately 1.24271 liters.\n*****QUESTION:***** Does the output contain an explanation for the prediction?", "index": 427}, {"instruction": "Convert this quantity into its equivalent in liters.", "input": "42 ounces", "output": "42 ounces is equivalent to approximately 1.24271 liters.", "all_data": "*****INSTRUCTION:***** Convert this quantity into its equivalent in liters.\n42 ounces\n*****OUTPUT:***** 42 ounces is equivalent to approximately 1.24271 liters.\n*****QUESTION:***** Would you give an explanation/justify your reasoning if you were asked this question by a friend?", "index": 428}, {"instruction": "Convert this quantity into its equivalent in liters.", "input": "42 ounces", "output": "42 ounces is equivalent to approximately 1.24271 liters.", "all_data": "*****INSTRUCTION:***** Convert this quantity into its equivalent in liters.\n42 ounces\n*****OUTPUT:***** 42 ounces is equivalent to approximately 1.24271 liters.\n*****QUESTION:***** If there is an explanation: Does the explanation refer to commonsense concepts that are taken as given?", "index": 429}, {"instruction": "Convert this quantity into its equivalent in liters.", "input": "42 ounces", "output": "42 ounces is equivalent to approximately 1.24271 liters.", "all_data": "*****INSTRUCTION:***** Convert this quantity into its equivalent in liters.\n42 ounces\n*****OUTPUT:***** 42 ounces is equivalent to approximately 1.24271 liters.\n*****QUESTION:***** If there is an explanation: Does the explanation list contributing factors?", "index": 430}, {"instruction": "Convert this quantity into its equivalent in liters.", "input": "42 ounces", "output": "42 ounces is equivalent to approximately 1.24271 liters.", "all_data": "*****INSTRUCTION:***** Convert this quantity into its equivalent in liters.\n42 ounces\n*****OUTPUT:***** 42 ounces is equivalent to approximately 1.24271 liters.\n*****QUESTION:***** If there is an explanation: Does the explanation include subjective or biased criteria?", "index": 431}, {"instruction": "Convert this quantity into its equivalent in liters.", "input": "42 ounces", "output": "42 ounces is equivalent to approximately 1.24271 liters.", "all_data": "*****INSTRUCTION:***** Convert this quantity into its equivalent in liters.\n42 ounces\n*****OUTPUT:***** 42 ounces is equivalent to approximately 1.24271 liters.\n*****QUESTION:***** If there is an explanation: Does the explanation include illustrative elements (e.g. examples)?", "index": 432}, {"instruction": "Convert this quantity into its equivalent in liters.", "input": "42 ounces", "output": "42 ounces is equivalent to approximately 1.24271 liters.", "all_data": "*****INSTRUCTION:***** Convert this quantity into its equivalent in liters.\n42 ounces\n*****OUTPUT:***** 42 ounces is equivalent to approximately 1.24271 liters.\n*****QUESTION:***** If there is an explanation: Is the explanation misleading (e.g. arguing for a label that is wrong)?", "index": 433}, {"instruction": "Identify the type of the following sentence, whether it is a question, exclamation or a regular statement.", "input": "Did you have a good time?", "output": "The sentence \"Did you have a good time?\" is a question.", "all_data": "*****INSTRUCTION:***** Identify the type of the following sentence, whether it is a question, exclamation or a regular statement.\nDid you have a good time?\n*****OUTPUT:***** The sentence \"Did you have a good time?\" is a question.\n*****QUESTION:***** Does the output contain an explanation for the prediction?", "index": 434}, {"instruction": "Identify the type of the following sentence, whether it is a question, exclamation or a regular statement.", "input": "Did you have a good time?", "output": "The sentence \"Did you have a good time?\" is a question.", "all_data": "*****INSTRUCTION:***** Identify the type of the following sentence, whether it is a question, exclamation or a regular statement.\nDid you have a good time?\n*****OUTPUT:***** The sentence \"Did you have a good time?\" is a question.\n*****QUESTION:***** Would you give an explanation/justify your reasoning if you were asked this question by a friend?", "index": 435}, {"instruction": "Identify the type of the following sentence, whether it is a question, exclamation or a regular statement.", "input": "Did you have a good time?", "output": "The sentence \"Did you have a good time?\" is a question.", "all_data": "*****INSTRUCTION:***** Identify the type of the following sentence, whether it is a question, exclamation or a regular statement.\nDid you have a good time?\n*****OUTPUT:***** The sentence \"Did you have a good time?\" is a question.\n*****QUESTION:***** If there is an explanation: Does the explanation refer to commonsense concepts that are taken as given?", "index": 436}, {"instruction": "Identify the type of the following sentence, whether it is a question, exclamation or a regular statement.", "input": "Did you have a good time?", "output": "The sentence \"Did you have a good time?\" is a question.", "all_data": "*****INSTRUCTION:***** Identify the type of the following sentence, whether it is a question, exclamation or a regular statement.\nDid you have a good time?\n*****OUTPUT:***** The sentence \"Did you have a good time?\" is a question.\n*****QUESTION:***** If there is an explanation: Does the explanation list contributing factors?", "index": 437}, {"instruction": "Identify the type of the following sentence, whether it is a question, exclamation or a regular statement.", "input": "Did you have a good time?", "output": "The sentence \"Did you have a good time?\" is a question.", "all_data": "*****INSTRUCTION:***** Identify the type of the following sentence, whether it is a question, exclamation or a regular statement.\nDid you have a good time?\n*****OUTPUT:***** The sentence \"Did you have a good time?\" is a question.\n*****QUESTION:***** If there is an explanation: Does the explanation include subjective or biased criteria?", "index": 438}, {"instruction": "Identify the type of the following sentence, whether it is a question, exclamation or a regular statement.", "input": "Did you have a good time?", "output": "The sentence \"Did you have a good time?\" is a question.", "all_data": "*****INSTRUCTION:***** Identify the type of the following sentence, whether it is a question, exclamation or a regular statement.\nDid you have a good time?\n*****OUTPUT:***** The sentence \"Did you have a good time?\" is a question.\n*****QUESTION:***** If there is an explanation: Does the explanation include illustrative elements (e.g. examples)?", "index": 439}, {"instruction": "Identify the type of the following sentence, whether it is a question, exclamation or a regular statement.", "input": "Did you have a good time?", "output": "The sentence \"Did you have a good time?\" is a question.", "all_data": "*****INSTRUCTION:***** Identify the type of the following sentence, whether it is a question, exclamation or a regular statement.\nDid you have a good time?\n*****OUTPUT:***** The sentence \"Did you have a good time?\" is a question.\n*****QUESTION:***** If there is an explanation: Is the explanation misleading (e.g. arguing for a label that is wrong)?", "index": 440}, {"instruction": "Write one way to save energy at home.", "input": "", "output": "One way to save energy at home is by turning off lights and electronics when not in use. This simple action can reduce energy consumption and lower electricity bills.", "all_data": "*****INSTRUCTION:***** Write one way to save energy at home.\n\n*****OUTPUT:***** One way to save energy at home is by turning off lights and electronics when not in use. This simple action can reduce energy consumption and lower electricity bills.\n*****QUESTION:***** Does the output contain an explanation for the prediction?", "index": 441}, {"instruction": "Write one way to save energy at home.", "input": "", "output": "One way to save energy at home is by turning off lights and electronics when not in use. This simple action can reduce energy consumption and lower electricity bills.", "all_data": "*****INSTRUCTION:***** Write one way to save energy at home.\n\n*****OUTPUT:***** One way to save energy at home is by turning off lights and electronics when not in use. This simple action can reduce energy consumption and lower electricity bills.\n*****QUESTION:***** Would you give an explanation/justify your reasoning if you were asked this question by a friend?", "index": 442}, {"instruction": "Write one way to save energy at home.", "input": "", "output": "One way to save energy at home is by turning off lights and electronics when not in use. This simple action can reduce energy consumption and lower electricity bills.", "all_data": "*****INSTRUCTION:***** Write one way to save energy at home.\n\n*****OUTPUT:***** One way to save energy at home is by turning off lights and electronics when not in use. This simple action can reduce energy consumption and lower electricity bills.\n*****QUESTION:***** If there is an explanation: Does the explanation refer to commonsense concepts that are taken as given?", "index": 443}, {"instruction": "Write one way to save energy at home.", "input": "", "output": "One way to save energy at home is by turning off lights and electronics when not in use. This simple action can reduce energy consumption and lower electricity bills.", "all_data": "*****INSTRUCTION:***** Write one way to save energy at home.\n\n*****OUTPUT:***** One way to save energy at home is by turning off lights and electronics when not in use. This simple action can reduce energy consumption and lower electricity bills.\n*****QUESTION:***** If there is an explanation: Does the explanation list contributing factors?", "index": 444}, {"instruction": "Write one way to save energy at home.", "input": "", "output": "One way to save energy at home is by turning off lights and electronics when not in use. This simple action can reduce energy consumption and lower electricity bills.", "all_data": "*****INSTRUCTION:***** Write one way to save energy at home.\n\n*****OUTPUT:***** One way to save energy at home is by turning off lights and electronics when not in use. This simple action can reduce energy consumption and lower electricity bills.\n*****QUESTION:***** If there is an explanation: Does the explanation include subjective or biased criteria?", "index": 445}, {"instruction": "Write one way to save energy at home.", "input": "", "output": "One way to save energy at home is by turning off lights and electronics when not in use. This simple action can reduce energy consumption and lower electricity bills.", "all_data": "*****INSTRUCTION:***** Write one way to save energy at home.\n\n*****OUTPUT:***** One way to save energy at home is by turning off lights and electronics when not in use. This simple action can reduce energy consumption and lower electricity bills.\n*****QUESTION:***** If there is an explanation: Does the explanation include illustrative elements (e.g. examples)?", "index": 446}, {"instruction": "Write one way to save energy at home.", "input": "", "output": "One way to save energy at home is by turning off lights and electronics when not in use. This simple action can reduce energy consumption and lower electricity bills.", "all_data": "*****INSTRUCTION:***** Write one way to save energy at home.\n\n*****OUTPUT:***** One way to save energy at home is by turning off lights and electronics when not in use. This simple action can reduce energy consumption and lower electricity bills.\n*****QUESTION:***** If there is an explanation: Is the explanation misleading (e.g. arguing for a label that is wrong)?", "index": 447}, {"instruction": "Apply a sentiment analysis to the following phrase.", "input": "\"I am extremely happy about the news.\"", "output": "The sentiment analysis of the phrase \"I am extremely happy about the news\" indicates a positive sentiment with strong intensity, which is conveyed through the use of the adjective \"extremely\" and the positive emotion word, \"happy\".", "all_data": "*****INSTRUCTION:***** Apply a sentiment analysis to the following phrase.\n\"I am extremely happy about the news.\"\n*****OUTPUT:***** The sentiment analysis of the phrase \"I am extremely happy about the news\" indicates a positive sentiment with strong intensity, which is conveyed through the use of the adjective \"extremely\" and the positive emotion word, \"happy\".\n*****QUESTION:***** Does the output contain an explanation for the prediction?", "index": 448}, {"instruction": "Apply a sentiment analysis to the following phrase.", "input": "\"I am extremely happy about the news.\"", "output": "The sentiment analysis of the phrase \"I am extremely happy about the news\" indicates a positive sentiment with strong intensity, which is conveyed through the use of the adjective \"extremely\" and the positive emotion word, \"happy\".", "all_data": "*****INSTRUCTION:***** Apply a sentiment analysis to the following phrase.\n\"I am extremely happy about the news.\"\n*****OUTPUT:***** The sentiment analysis of the phrase \"I am extremely happy about the news\" indicates a positive sentiment with strong intensity, which is conveyed through the use of the adjective \"extremely\" and the positive emotion word, \"happy\".\n*****QUESTION:***** Would you give an explanation/justify your reasoning if you were asked this question by a friend?", "index": 449}, {"instruction": "Apply a sentiment analysis to the following phrase.", "input": "\"I am extremely happy about the news.\"", "output": "The sentiment analysis of the phrase \"I am extremely happy about the news\" indicates a positive sentiment with strong intensity, which is conveyed through the use of the adjective \"extremely\" and the positive emotion word, \"happy\".", "all_data": "*****INSTRUCTION:***** Apply a sentiment analysis to the following phrase.\n\"I am extremely happy about the news.\"\n*****OUTPUT:***** The sentiment analysis of the phrase \"I am extremely happy about the news\" indicates a positive sentiment with strong intensity, which is conveyed through the use of the adjective \"extremely\" and the positive emotion word, \"happy\".\n*****QUESTION:***** If there is an explanation: Does the explanation refer to commonsense concepts that are taken as given?", "index": 450}, {"instruction": "Apply a sentiment analysis to the following phrase.", "input": "\"I am extremely happy about the news.\"", "output": "The sentiment analysis of the phrase \"I am extremely happy about the news\" indicates a positive sentiment with strong intensity, which is conveyed through the use of the adjective \"extremely\" and the positive emotion word, \"happy\".", "all_data": "*****INSTRUCTION:***** Apply a sentiment analysis to the following phrase.\n\"I am extremely happy about the news.\"\n*****OUTPUT:***** The sentiment analysis of the phrase \"I am extremely happy about the news\" indicates a positive sentiment with strong intensity, which is conveyed through the use of the adjective \"extremely\" and the positive emotion word, \"happy\".\n*****QUESTION:***** If there is an explanation: Does the explanation list contributing factors?", "index": 451}, {"instruction": "Apply a sentiment analysis to the following phrase.", "input": "\"I am extremely happy about the news.\"", "output": "The sentiment analysis of the phrase \"I am extremely happy about the news\" indicates a positive sentiment with strong intensity, which is conveyed through the use of the adjective \"extremely\" and the positive emotion word, \"happy\".", "all_data": "*****INSTRUCTION:***** Apply a sentiment analysis to the following phrase.\n\"I am extremely happy about the news.\"\n*****OUTPUT:***** The sentiment analysis of the phrase \"I am extremely happy about the news\" indicates a positive sentiment with strong intensity, which is conveyed through the use of the adjective \"extremely\" and the positive emotion word, \"happy\".\n*****QUESTION:***** If there is an explanation: Does the explanation include subjective or biased criteria?", "index": 452}, {"instruction": "Apply a sentiment analysis to the following phrase.", "input": "\"I am extremely happy about the news.\"", "output": "The sentiment analysis of the phrase \"I am extremely happy about the news\" indicates a positive sentiment with strong intensity, which is conveyed through the use of the adjective \"extremely\" and the positive emotion word, \"happy\".", "all_data": "*****INSTRUCTION:***** Apply a sentiment analysis to the following phrase.\n\"I am extremely happy about the news.\"\n*****OUTPUT:***** The sentiment analysis of the phrase \"I am extremely happy about the news\" indicates a positive sentiment with strong intensity, which is conveyed through the use of the adjective \"extremely\" and the positive emotion word, \"happy\".\n*****QUESTION:***** If there is an explanation: Does the explanation include illustrative elements (e.g. examples)?", "index": 453}, {"instruction": "Apply a sentiment analysis to the following phrase.", "input": "\"I am extremely happy about the news.\"", "output": "The sentiment analysis of the phrase \"I am extremely happy about the news\" indicates a positive sentiment with strong intensity, which is conveyed through the use of the adjective \"extremely\" and the positive emotion word, \"happy\".", "all_data": "*****INSTRUCTION:***** Apply a sentiment analysis to the following phrase.\n\"I am extremely happy about the news.\"\n*****OUTPUT:***** The sentiment analysis of the phrase \"I am extremely happy about the news\" indicates a positive sentiment with strong intensity, which is conveyed through the use of the adjective \"extremely\" and the positive emotion word, \"happy\".\n*****QUESTION:***** If there is an explanation: Is the explanation misleading (e.g. arguing for a label that is wrong)?", "index": 454}, {"instruction": "Given the data below, predict the output.", "input": "x = 5\ny = 3\nz = 2\n\nResult = x + y * z", "output": "The output is calculated by following the order of operations (PEMDAS: Parentheses, Exponents, Multiplication and Division, and Addition and Subtraction). The formula to obtain the result can be written as follows: \n\nResult = x + (y * z) \n\nFirst, the multiplication operation is performed, which gives us the following intermediate result:\n\nResult = 5 + (3 * 2)\n\n= 5 + (6)\n\nNow, the addition operation is performed:\n\nResult = 11\n\nSo, the output of the operation is 11.", "all_data": "*****INSTRUCTION:***** Given the data below, predict the output.\nx = 5\ny = 3\nz = 2\n\nResult = x + y * z\n*****OUTPUT:***** The output is calculated by following the order of operations (PEMDAS: Parentheses, Exponents, Multiplication and Division, and Addition and Subtraction). The formula to obtain the result can be written as follows: \n\nResult = x + (y * z) \n\nFirst, the multiplication operation is performed, which gives us the following intermediate result:\n\nResult = 5 + (3 * 2)\n\n= 5 + (6)\n\nNow, the addition operation is performed:\n\nResult = 11\n\nSo, the output of the operation is 11.\n*****QUESTION:***** Does the output contain an explanation for the prediction?", "index": 455}, {"instruction": "Given the data below, predict the output.", "input": "x = 5\ny = 3\nz = 2\n\nResult = x + y * z", "output": "The output is calculated by following the order of operations (PEMDAS: Parentheses, Exponents, Multiplication and Division, and Addition and Subtraction). The formula to obtain the result can be written as follows: \n\nResult = x + (y * z) \n\nFirst, the multiplication operation is performed, which gives us the following intermediate result:\n\nResult = 5 + (3 * 2)\n\n= 5 + (6)\n\nNow, the addition operation is performed:\n\nResult = 11\n\nSo, the output of the operation is 11.", "all_data": "*****INSTRUCTION:***** Given the data below, predict the output.\nx = 5\ny = 3\nz = 2\n\nResult = x + y * z\n*****OUTPUT:***** The output is calculated by following the order of operations (PEMDAS: Parentheses, Exponents, Multiplication and Division, and Addition and Subtraction). The formula to obtain the result can be written as follows: \n\nResult = x + (y * z) \n\nFirst, the multiplication operation is performed, which gives us the following intermediate result:\n\nResult = 5 + (3 * 2)\n\n= 5 + (6)\n\nNow, the addition operation is performed:\n\nResult = 11\n\nSo, the output of the operation is 11.\n*****QUESTION:***** Would you give an explanation/justify your reasoning if you were asked this question by a friend?", "index": 456}, {"instruction": "Given the data below, predict the output.", "input": "x = 5\ny = 3\nz = 2\n\nResult = x + y * z", "output": "The output is calculated by following the order of operations (PEMDAS: Parentheses, Exponents, Multiplication and Division, and Addition and Subtraction). The formula to obtain the result can be written as follows: \n\nResult = x + (y * z) \n\nFirst, the multiplication operation is performed, which gives us the following intermediate result:\n\nResult = 5 + (3 * 2)\n\n= 5 + (6)\n\nNow, the addition operation is performed:\n\nResult = 11\n\nSo, the output of the operation is 11.", "all_data": "*****INSTRUCTION:***** Given the data below, predict the output.\nx = 5\ny = 3\nz = 2\n\nResult = x + y * z\n*****OUTPUT:***** The output is calculated by following the order of operations (PEMDAS: Parentheses, Exponents, Multiplication and Division, and Addition and Subtraction). The formula to obtain the result can be written as follows: \n\nResult = x + (y * z) \n\nFirst, the multiplication operation is performed, which gives us the following intermediate result:\n\nResult = 5 + (3 * 2)\n\n= 5 + (6)\n\nNow, the addition operation is performed:\n\nResult = 11\n\nSo, the output of the operation is 11.\n*****QUESTION:***** If there is an explanation: Does the explanation refer to commonsense concepts that are taken as given?", "index": 457}, {"instruction": "Given the data below, predict the output.", "input": "x = 5\ny = 3\nz = 2\n\nResult = x + y * z", "output": "The output is calculated by following the order of operations (PEMDAS: Parentheses, Exponents, Multiplication and Division, and Addition and Subtraction). The formula to obtain the result can be written as follows: \n\nResult = x + (y * z) \n\nFirst, the multiplication operation is performed, which gives us the following intermediate result:\n\nResult = 5 + (3 * 2)\n\n= 5 + (6)\n\nNow, the addition operation is performed:\n\nResult = 11\n\nSo, the output of the operation is 11.", "all_data": "*****INSTRUCTION:***** Given the data below, predict the output.\nx = 5\ny = 3\nz = 2\n\nResult = x + y * z\n*****OUTPUT:***** The output is calculated by following the order of operations (PEMDAS: Parentheses, Exponents, Multiplication and Division, and Addition and Subtraction). The formula to obtain the result can be written as follows: \n\nResult = x + (y * z) \n\nFirst, the multiplication operation is performed, which gives us the following intermediate result:\n\nResult = 5 + (3 * 2)\n\n= 5 + (6)\n\nNow, the addition operation is performed:\n\nResult = 11\n\nSo, the output of the operation is 11.\n*****QUESTION:***** If there is an explanation: Does the explanation list contributing factors?", "index": 458}, {"instruction": "Given the data below, predict the output.", "input": "x = 5\ny = 3\nz = 2\n\nResult = x + y * z", "output": "The output is calculated by following the order of operations (PEMDAS: Parentheses, Exponents, Multiplication and Division, and Addition and Subtraction). The formula to obtain the result can be written as follows: \n\nResult = x + (y * z) \n\nFirst, the multiplication operation is performed, which gives us the following intermediate result:\n\nResult = 5 + (3 * 2)\n\n= 5 + (6)\n\nNow, the addition operation is performed:\n\nResult = 11\n\nSo, the output of the operation is 11.", "all_data": "*****INSTRUCTION:***** Given the data below, predict the output.\nx = 5\ny = 3\nz = 2\n\nResult = x + y * z\n*****OUTPUT:***** The output is calculated by following the order of operations (PEMDAS: Parentheses, Exponents, Multiplication and Division, and Addition and Subtraction). The formula to obtain the result can be written as follows: \n\nResult = x + (y * z) \n\nFirst, the multiplication operation is performed, which gives us the following intermediate result:\n\nResult = 5 + (3 * 2)\n\n= 5 + (6)\n\nNow, the addition operation is performed:\n\nResult = 11\n\nSo, the output of the operation is 11.\n*****QUESTION:***** If there is an explanation: Does the explanation include subjective or biased criteria?", "index": 459}, {"instruction": "Given the data below, predict the output.", "input": "x = 5\ny = 3\nz = 2\n\nResult = x + y * z", "output": "The output is calculated by following the order of operations (PEMDAS: Parentheses, Exponents, Multiplication and Division, and Addition and Subtraction). The formula to obtain the result can be written as follows: \n\nResult = x + (y * z) \n\nFirst, the multiplication operation is performed, which gives us the following intermediate result:\n\nResult = 5 + (3 * 2)\n\n= 5 + (6)\n\nNow, the addition operation is performed:\n\nResult = 11\n\nSo, the output of the operation is 11.", "all_data": "*****INSTRUCTION:***** Given the data below, predict the output.\nx = 5\ny = 3\nz = 2\n\nResult = x + y * z\n*****OUTPUT:***** The output is calculated by following the order of operations (PEMDAS: Parentheses, Exponents, Multiplication and Division, and Addition and Subtraction). The formula to obtain the result can be written as follows: \n\nResult = x + (y * z) \n\nFirst, the multiplication operation is performed, which gives us the following intermediate result:\n\nResult = 5 + (3 * 2)\n\n= 5 + (6)\n\nNow, the addition operation is performed:\n\nResult = 11\n\nSo, the output of the operation is 11.\n*****QUESTION:***** If there is an explanation: Does the explanation include illustrative elements (e.g. examples)?", "index": 460}, {"instruction": "Given the data below, predict the output.", "input": "x = 5\ny = 3\nz = 2\n\nResult = x + y * z", "output": "The output is calculated by following the order of operations (PEMDAS: Parentheses, Exponents, Multiplication and Division, and Addition and Subtraction). The formula to obtain the result can be written as follows: \n\nResult = x + (y * z) \n\nFirst, the multiplication operation is performed, which gives us the following intermediate result:\n\nResult = 5 + (3 * 2)\n\n= 5 + (6)\n\nNow, the addition operation is performed:\n\nResult = 11\n\nSo, the output of the operation is 11.", "all_data": "*****INSTRUCTION:***** Given the data below, predict the output.\nx = 5\ny = 3\nz = 2\n\nResult = x + y * z\n*****OUTPUT:***** The output is calculated by following the order of operations (PEMDAS: Parentheses, Exponents, Multiplication and Division, and Addition and Subtraction). The formula to obtain the result can be written as follows: \n\nResult = x + (y * z) \n\nFirst, the multiplication operation is performed, which gives us the following intermediate result:\n\nResult = 5 + (3 * 2)\n\n= 5 + (6)\n\nNow, the addition operation is performed:\n\nResult = 11\n\nSo, the output of the operation is 11.\n*****QUESTION:***** If there is an explanation: Is the explanation misleading (e.g. arguing for a label that is wrong)?", "index": 461}, {"instruction": "Given a list of values, calculate the mean.\n\nInput: 82, 23, 55, 64, 71", "input": "82, 23, 55, 64, 71", "output": "To calculate the mean, we add up all the values in the list and then divide by the total number of values. In this case, we have the list of values 82, 23, 55, 64, and 71. The sum of these values is 295. There are a total of 5 values in the list, so to get the mean, we divide 295 by 5 which gives us 59. Therefore, the mean of the given list of values is 59.", "all_data": "*****INSTRUCTION:***** Given a list of values, calculate the mean.\n\nInput: 82, 23, 55, 64, 71\n82, 23, 55, 64, 71\n*****OUTPUT:***** To calculate the mean, we add up all the values in the list and then divide by the total number of values. In this case, we have the list of values 82, 23, 55, 64, and 71. The sum of these values is 295. There are a total of 5 values in the list, so to get the mean, we divide 295 by 5 which gives us 59. Therefore, the mean of the given list of values is 59.\n*****QUESTION:***** Does the output contain an explanation for the prediction?", "index": 462}, {"instruction": "Given a list of values, calculate the mean.\n\nInput: 82, 23, 55, 64, 71", "input": "82, 23, 55, 64, 71", "output": "To calculate the mean, we add up all the values in the list and then divide by the total number of values. In this case, we have the list of values 82, 23, 55, 64, and 71. The sum of these values is 295. There are a total of 5 values in the list, so to get the mean, we divide 295 by 5 which gives us 59. Therefore, the mean of the given list of values is 59.", "all_data": "*****INSTRUCTION:***** Given a list of values, calculate the mean.\n\nInput: 82, 23, 55, 64, 71\n82, 23, 55, 64, 71\n*****OUTPUT:***** To calculate the mean, we add up all the values in the list and then divide by the total number of values. In this case, we have the list of values 82, 23, 55, 64, and 71. The sum of these values is 295. There are a total of 5 values in the list, so to get the mean, we divide 295 by 5 which gives us 59. Therefore, the mean of the given list of values is 59.\n*****QUESTION:***** Would you give an explanation/justify your reasoning if you were asked this question by a friend?", "index": 463}, {"instruction": "Given a list of values, calculate the mean.\n\nInput: 82, 23, 55, 64, 71", "input": "82, 23, 55, 64, 71", "output": "To calculate the mean, we add up all the values in the list and then divide by the total number of values. In this case, we have the list of values 82, 23, 55, 64, and 71. The sum of these values is 295. There are a total of 5 values in the list, so to get the mean, we divide 295 by 5 which gives us 59. Therefore, the mean of the given list of values is 59.", "all_data": "*****INSTRUCTION:***** Given a list of values, calculate the mean.\n\nInput: 82, 23, 55, 64, 71\n82, 23, 55, 64, 71\n*****OUTPUT:***** To calculate the mean, we add up all the values in the list and then divide by the total number of values. In this case, we have the list of values 82, 23, 55, 64, and 71. The sum of these values is 295. There are a total of 5 values in the list, so to get the mean, we divide 295 by 5 which gives us 59. Therefore, the mean of the given list of values is 59.\n*****QUESTION:***** If there is an explanation: Does the explanation refer to commonsense concepts that are taken as given?", "index": 464}, {"instruction": "Given a list of values, calculate the mean.\n\nInput: 82, 23, 55, 64, 71", "input": "82, 23, 55, 64, 71", "output": "To calculate the mean, we add up all the values in the list and then divide by the total number of values. In this case, we have the list of values 82, 23, 55, 64, and 71. The sum of these values is 295. There are a total of 5 values in the list, so to get the mean, we divide 295 by 5 which gives us 59. Therefore, the mean of the given list of values is 59.", "all_data": "*****INSTRUCTION:***** Given a list of values, calculate the mean.\n\nInput: 82, 23, 55, 64, 71\n82, 23, 55, 64, 71\n*****OUTPUT:***** To calculate the mean, we add up all the values in the list and then divide by the total number of values. In this case, we have the list of values 82, 23, 55, 64, and 71. The sum of these values is 295. There are a total of 5 values in the list, so to get the mean, we divide 295 by 5 which gives us 59. Therefore, the mean of the given list of values is 59.\n*****QUESTION:***** If there is an explanation: Does the explanation list contributing factors?", "index": 465}, {"instruction": "Given a list of values, calculate the mean.\n\nInput: 82, 23, 55, 64, 71", "input": "82, 23, 55, 64, 71", "output": "To calculate the mean, we add up all the values in the list and then divide by the total number of values. In this case, we have the list of values 82, 23, 55, 64, and 71. The sum of these values is 295. There are a total of 5 values in the list, so to get the mean, we divide 295 by 5 which gives us 59. Therefore, the mean of the given list of values is 59.", "all_data": "*****INSTRUCTION:***** Given a list of values, calculate the mean.\n\nInput: 82, 23, 55, 64, 71\n82, 23, 55, 64, 71\n*****OUTPUT:***** To calculate the mean, we add up all the values in the list and then divide by the total number of values. In this case, we have the list of values 82, 23, 55, 64, and 71. The sum of these values is 295. There are a total of 5 values in the list, so to get the mean, we divide 295 by 5 which gives us 59. Therefore, the mean of the given list of values is 59.\n*****QUESTION:***** If there is an explanation: Does the explanation include subjective or biased criteria?", "index": 466}, {"instruction": "Given a list of values, calculate the mean.\n\nInput: 82, 23, 55, 64, 71", "input": "82, 23, 55, 64, 71", "output": "To calculate the mean, we add up all the values in the list and then divide by the total number of values. In this case, we have the list of values 82, 23, 55, 64, and 71. The sum of these values is 295. There are a total of 5 values in the list, so to get the mean, we divide 295 by 5 which gives us 59. Therefore, the mean of the given list of values is 59.", "all_data": "*****INSTRUCTION:***** Given a list of values, calculate the mean.\n\nInput: 82, 23, 55, 64, 71\n82, 23, 55, 64, 71\n*****OUTPUT:***** To calculate the mean, we add up all the values in the list and then divide by the total number of values. In this case, we have the list of values 82, 23, 55, 64, and 71. The sum of these values is 295. There are a total of 5 values in the list, so to get the mean, we divide 295 by 5 which gives us 59. Therefore, the mean of the given list of values is 59.\n*****QUESTION:***** If there is an explanation: Does the explanation include illustrative elements (e.g. examples)?", "index": 467}, {"instruction": "Given a list of values, calculate the mean.\n\nInput: 82, 23, 55, 64, 71", "input": "82, 23, 55, 64, 71", "output": "To calculate the mean, we add up all the values in the list and then divide by the total number of values. In this case, we have the list of values 82, 23, 55, 64, and 71. The sum of these values is 295. There are a total of 5 values in the list, so to get the mean, we divide 295 by 5 which gives us 59. Therefore, the mean of the given list of values is 59.", "all_data": "*****INSTRUCTION:***** Given a list of values, calculate the mean.\n\nInput: 82, 23, 55, 64, 71\n82, 23, 55, 64, 71\n*****OUTPUT:***** To calculate the mean, we add up all the values in the list and then divide by the total number of values. In this case, we have the list of values 82, 23, 55, 64, and 71. The sum of these values is 295. There are a total of 5 values in the list, so to get the mean, we divide 295 by 5 which gives us 59. Therefore, the mean of the given list of values is 59.\n*****QUESTION:***** If there is an explanation: Is the explanation misleading (e.g. arguing for a label that is wrong)?", "index": 468}, {"instruction": "How would you search for a paper in a scholarly database?", "input": "", "output": "To search for a paper in a scholarly database, follow these steps:\n\n1. Identify a scholarly database: First, you need to find an appropriate scholarly database to search on, you could use JSTOR, PubMed, Scopus, Web of Science among others, or chose a database according to your field of interest.\n\n2. Use keywords and phrases: Think about the main topics, keywords, or phrases relevant to your desired paper or research. Enter these keywords into the database search bar.\n\n3. Use filters: Many databases allow you to apply filters to your search. You can filter by publication date, subject area, language, and more, to refine your results and make them more specific to your needs.\n\n4. Assess the results: Look at the titles and abstracts of the search results to determine if they match what you're looking for. If you find something promising, click on the title to access more information about the paper.\n\n5. Access the paper: If you've found a relevant paper, you can usually access it through the database. Some databases require a subscription, while others allow free access to some articles. If the paper isn't available through the database, it may be possible to access it through your library or by requesting it through interlibrary loan.\n\n6. Repeat the process: If you don't find exactly what you're looking for, try adjusting your search terms, using more filters, or searching in a different database to get more results. With some persistence, you should be able to find the paper that you need.", "all_data": "*****INSTRUCTION:***** How would you search for a paper in a scholarly database?\n\n*****OUTPUT:***** To search for a paper in a scholarly database, follow these steps:\n\n1. Identify a scholarly database: First, you need to find an appropriate scholarly database to search on, you could use JSTOR, PubMed, Scopus, Web of Science among others, or chose a database according to your field of interest.\n\n2. Use keywords and phrases: Think about the main topics, keywords, or phrases relevant to your desired paper or research. Enter these keywords into the database search bar.\n\n3. Use filters: Many databases allow you to apply filters to your search. You can filter by publication date, subject area, language, and more, to refine your results and make them more specific to your needs.\n\n4. Assess the results: Look at the titles and abstracts of the search results to determine if they match what you're looking for. If you find something promising, click on the title to access more information about the paper.\n\n5. Access the paper: If you've found a relevant paper, you can usually access it through the database. Some databases require a subscription, while others allow free access to some articles. If the paper isn't available through the database, it may be possible to access it through your library or by requesting it through interlibrary loan.\n\n6. Repeat the process: If you don't find exactly what you're looking for, try adjusting your search terms, using more filters, or searching in a different database to get more results. With some persistence, you should be able to find the paper that you need.\n*****QUESTION:***** Does the output contain an explanation for the prediction?", "index": 469}, {"instruction": "How would you search for a paper in a scholarly database?", "input": "", "output": "To search for a paper in a scholarly database, follow these steps:\n\n1. Identify a scholarly database: First, you need to find an appropriate scholarly database to search on, you could use JSTOR, PubMed, Scopus, Web of Science among others, or chose a database according to your field of interest.\n\n2. Use keywords and phrases: Think about the main topics, keywords, or phrases relevant to your desired paper or research. Enter these keywords into the database search bar.\n\n3. Use filters: Many databases allow you to apply filters to your search. You can filter by publication date, subject area, language, and more, to refine your results and make them more specific to your needs.\n\n4. Assess the results: Look at the titles and abstracts of the search results to determine if they match what you're looking for. If you find something promising, click on the title to access more information about the paper.\n\n5. Access the paper: If you've found a relevant paper, you can usually access it through the database. Some databases require a subscription, while others allow free access to some articles. If the paper isn't available through the database, it may be possible to access it through your library or by requesting it through interlibrary loan.\n\n6. Repeat the process: If you don't find exactly what you're looking for, try adjusting your search terms, using more filters, or searching in a different database to get more results. With some persistence, you should be able to find the paper that you need.", "all_data": "*****INSTRUCTION:***** How would you search for a paper in a scholarly database?\n\n*****OUTPUT:***** To search for a paper in a scholarly database, follow these steps:\n\n1. Identify a scholarly database: First, you need to find an appropriate scholarly database to search on, you could use JSTOR, PubMed, Scopus, Web of Science among others, or chose a database according to your field of interest.\n\n2. Use keywords and phrases: Think about the main topics, keywords, or phrases relevant to your desired paper or research. Enter these keywords into the database search bar.\n\n3. Use filters: Many databases allow you to apply filters to your search. You can filter by publication date, subject area, language, and more, to refine your results and make them more specific to your needs.\n\n4. Assess the results: Look at the titles and abstracts of the search results to determine if they match what you're looking for. If you find something promising, click on the title to access more information about the paper.\n\n5. Access the paper: If you've found a relevant paper, you can usually access it through the database. Some databases require a subscription, while others allow free access to some articles. If the paper isn't available through the database, it may be possible to access it through your library or by requesting it through interlibrary loan.\n\n6. Repeat the process: If you don't find exactly what you're looking for, try adjusting your search terms, using more filters, or searching in a different database to get more results. With some persistence, you should be able to find the paper that you need.\n*****QUESTION:***** Would you give an explanation/justify your reasoning if you were asked this question by a friend?", "index": 470}, {"instruction": "How would you search for a paper in a scholarly database?", "input": "", "output": "To search for a paper in a scholarly database, follow these steps:\n\n1. Identify a scholarly database: First, you need to find an appropriate scholarly database to search on, you could use JSTOR, PubMed, Scopus, Web of Science among others, or chose a database according to your field of interest.\n\n2. Use keywords and phrases: Think about the main topics, keywords, or phrases relevant to your desired paper or research. Enter these keywords into the database search bar.\n\n3. Use filters: Many databases allow you to apply filters to your search. You can filter by publication date, subject area, language, and more, to refine your results and make them more specific to your needs.\n\n4. Assess the results: Look at the titles and abstracts of the search results to determine if they match what you're looking for. If you find something promising, click on the title to access more information about the paper.\n\n5. Access the paper: If you've found a relevant paper, you can usually access it through the database. Some databases require a subscription, while others allow free access to some articles. If the paper isn't available through the database, it may be possible to access it through your library or by requesting it through interlibrary loan.\n\n6. Repeat the process: If you don't find exactly what you're looking for, try adjusting your search terms, using more filters, or searching in a different database to get more results. With some persistence, you should be able to find the paper that you need.", "all_data": "*****INSTRUCTION:***** How would you search for a paper in a scholarly database?\n\n*****OUTPUT:***** To search for a paper in a scholarly database, follow these steps:\n\n1. Identify a scholarly database: First, you need to find an appropriate scholarly database to search on, you could use JSTOR, PubMed, Scopus, Web of Science among others, or chose a database according to your field of interest.\n\n2. Use keywords and phrases: Think about the main topics, keywords, or phrases relevant to your desired paper or research. Enter these keywords into the database search bar.\n\n3. Use filters: Many databases allow you to apply filters to your search. You can filter by publication date, subject area, language, and more, to refine your results and make them more specific to your needs.\n\n4. Assess the results: Look at the titles and abstracts of the search results to determine if they match what you're looking for. If you find something promising, click on the title to access more information about the paper.\n\n5. Access the paper: If you've found a relevant paper, you can usually access it through the database. Some databases require a subscription, while others allow free access to some articles. If the paper isn't available through the database, it may be possible to access it through your library or by requesting it through interlibrary loan.\n\n6. Repeat the process: If you don't find exactly what you're looking for, try adjusting your search terms, using more filters, or searching in a different database to get more results. With some persistence, you should be able to find the paper that you need.\n*****QUESTION:***** If there is an explanation: Does the explanation refer to commonsense concepts that are taken as given?", "index": 471}, {"instruction": "How would you search for a paper in a scholarly database?", "input": "", "output": "To search for a paper in a scholarly database, follow these steps:\n\n1. Identify a scholarly database: First, you need to find an appropriate scholarly database to search on, you could use JSTOR, PubMed, Scopus, Web of Science among others, or chose a database according to your field of interest.\n\n2. Use keywords and phrases: Think about the main topics, keywords, or phrases relevant to your desired paper or research. Enter these keywords into the database search bar.\n\n3. Use filters: Many databases allow you to apply filters to your search. You can filter by publication date, subject area, language, and more, to refine your results and make them more specific to your needs.\n\n4. Assess the results: Look at the titles and abstracts of the search results to determine if they match what you're looking for. If you find something promising, click on the title to access more information about the paper.\n\n5. Access the paper: If you've found a relevant paper, you can usually access it through the database. Some databases require a subscription, while others allow free access to some articles. If the paper isn't available through the database, it may be possible to access it through your library or by requesting it through interlibrary loan.\n\n6. Repeat the process: If you don't find exactly what you're looking for, try adjusting your search terms, using more filters, or searching in a different database to get more results. With some persistence, you should be able to find the paper that you need.", "all_data": "*****INSTRUCTION:***** How would you search for a paper in a scholarly database?\n\n*****OUTPUT:***** To search for a paper in a scholarly database, follow these steps:\n\n1. Identify a scholarly database: First, you need to find an appropriate scholarly database to search on, you could use JSTOR, PubMed, Scopus, Web of Science among others, or chose a database according to your field of interest.\n\n2. Use keywords and phrases: Think about the main topics, keywords, or phrases relevant to your desired paper or research. Enter these keywords into the database search bar.\n\n3. Use filters: Many databases allow you to apply filters to your search. You can filter by publication date, subject area, language, and more, to refine your results and make them more specific to your needs.\n\n4. Assess the results: Look at the titles and abstracts of the search results to determine if they match what you're looking for. If you find something promising, click on the title to access more information about the paper.\n\n5. Access the paper: If you've found a relevant paper, you can usually access it through the database. Some databases require a subscription, while others allow free access to some articles. If the paper isn't available through the database, it may be possible to access it through your library or by requesting it through interlibrary loan.\n\n6. Repeat the process: If you don't find exactly what you're looking for, try adjusting your search terms, using more filters, or searching in a different database to get more results. With some persistence, you should be able to find the paper that you need.\n*****QUESTION:***** If there is an explanation: Does the explanation list contributing factors?", "index": 472}, {"instruction": "How would you search for a paper in a scholarly database?", "input": "", "output": "To search for a paper in a scholarly database, follow these steps:\n\n1. Identify a scholarly database: First, you need to find an appropriate scholarly database to search on, you could use JSTOR, PubMed, Scopus, Web of Science among others, or chose a database according to your field of interest.\n\n2. Use keywords and phrases: Think about the main topics, keywords, or phrases relevant to your desired paper or research. Enter these keywords into the database search bar.\n\n3. Use filters: Many databases allow you to apply filters to your search. You can filter by publication date, subject area, language, and more, to refine your results and make them more specific to your needs.\n\n4. Assess the results: Look at the titles and abstracts of the search results to determine if they match what you're looking for. If you find something promising, click on the title to access more information about the paper.\n\n5. Access the paper: If you've found a relevant paper, you can usually access it through the database. Some databases require a subscription, while others allow free access to some articles. If the paper isn't available through the database, it may be possible to access it through your library or by requesting it through interlibrary loan.\n\n6. Repeat the process: If you don't find exactly what you're looking for, try adjusting your search terms, using more filters, or searching in a different database to get more results. With some persistence, you should be able to find the paper that you need.", "all_data": "*****INSTRUCTION:***** How would you search for a paper in a scholarly database?\n\n*****OUTPUT:***** To search for a paper in a scholarly database, follow these steps:\n\n1. Identify a scholarly database: First, you need to find an appropriate scholarly database to search on, you could use JSTOR, PubMed, Scopus, Web of Science among others, or chose a database according to your field of interest.\n\n2. Use keywords and phrases: Think about the main topics, keywords, or phrases relevant to your desired paper or research. Enter these keywords into the database search bar.\n\n3. Use filters: Many databases allow you to apply filters to your search. You can filter by publication date, subject area, language, and more, to refine your results and make them more specific to your needs.\n\n4. Assess the results: Look at the titles and abstracts of the search results to determine if they match what you're looking for. If you find something promising, click on the title to access more information about the paper.\n\n5. Access the paper: If you've found a relevant paper, you can usually access it through the database. Some databases require a subscription, while others allow free access to some articles. If the paper isn't available through the database, it may be possible to access it through your library or by requesting it through interlibrary loan.\n\n6. Repeat the process: If you don't find exactly what you're looking for, try adjusting your search terms, using more filters, or searching in a different database to get more results. With some persistence, you should be able to find the paper that you need.\n*****QUESTION:***** If there is an explanation: Does the explanation include subjective or biased criteria?", "index": 473}, {"instruction": "How would you search for a paper in a scholarly database?", "input": "", "output": "To search for a paper in a scholarly database, follow these steps:\n\n1. Identify a scholarly database: First, you need to find an appropriate scholarly database to search on, you could use JSTOR, PubMed, Scopus, Web of Science among others, or chose a database according to your field of interest.\n\n2. Use keywords and phrases: Think about the main topics, keywords, or phrases relevant to your desired paper or research. Enter these keywords into the database search bar.\n\n3. Use filters: Many databases allow you to apply filters to your search. You can filter by publication date, subject area, language, and more, to refine your results and make them more specific to your needs.\n\n4. Assess the results: Look at the titles and abstracts of the search results to determine if they match what you're looking for. If you find something promising, click on the title to access more information about the paper.\n\n5. Access the paper: If you've found a relevant paper, you can usually access it through the database. Some databases require a subscription, while others allow free access to some articles. If the paper isn't available through the database, it may be possible to access it through your library or by requesting it through interlibrary loan.\n\n6. Repeat the process: If you don't find exactly what you're looking for, try adjusting your search terms, using more filters, or searching in a different database to get more results. With some persistence, you should be able to find the paper that you need.", "all_data": "*****INSTRUCTION:***** How would you search for a paper in a scholarly database?\n\n*****OUTPUT:***** To search for a paper in a scholarly database, follow these steps:\n\n1. Identify a scholarly database: First, you need to find an appropriate scholarly database to search on, you could use JSTOR, PubMed, Scopus, Web of Science among others, or chose a database according to your field of interest.\n\n2. Use keywords and phrases: Think about the main topics, keywords, or phrases relevant to your desired paper or research. Enter these keywords into the database search bar.\n\n3. Use filters: Many databases allow you to apply filters to your search. You can filter by publication date, subject area, language, and more, to refine your results and make them more specific to your needs.\n\n4. Assess the results: Look at the titles and abstracts of the search results to determine if they match what you're looking for. If you find something promising, click on the title to access more information about the paper.\n\n5. Access the paper: If you've found a relevant paper, you can usually access it through the database. Some databases require a subscription, while others allow free access to some articles. If the paper isn't available through the database, it may be possible to access it through your library or by requesting it through interlibrary loan.\n\n6. Repeat the process: If you don't find exactly what you're looking for, try adjusting your search terms, using more filters, or searching in a different database to get more results. With some persistence, you should be able to find the paper that you need.\n*****QUESTION:***** If there is an explanation: Does the explanation include illustrative elements (e.g. examples)?", "index": 474}, {"instruction": "How would you search for a paper in a scholarly database?", "input": "", "output": "To search for a paper in a scholarly database, follow these steps:\n\n1. Identify a scholarly database: First, you need to find an appropriate scholarly database to search on, you could use JSTOR, PubMed, Scopus, Web of Science among others, or chose a database according to your field of interest.\n\n2. Use keywords and phrases: Think about the main topics, keywords, or phrases relevant to your desired paper or research. Enter these keywords into the database search bar.\n\n3. Use filters: Many databases allow you to apply filters to your search. You can filter by publication date, subject area, language, and more, to refine your results and make them more specific to your needs.\n\n4. Assess the results: Look at the titles and abstracts of the search results to determine if they match what you're looking for. If you find something promising, click on the title to access more information about the paper.\n\n5. Access the paper: If you've found a relevant paper, you can usually access it through the database. Some databases require a subscription, while others allow free access to some articles. If the paper isn't available through the database, it may be possible to access it through your library or by requesting it through interlibrary loan.\n\n6. Repeat the process: If you don't find exactly what you're looking for, try adjusting your search terms, using more filters, or searching in a different database to get more results. With some persistence, you should be able to find the paper that you need.", "all_data": "*****INSTRUCTION:***** How would you search for a paper in a scholarly database?\n\n*****OUTPUT:***** To search for a paper in a scholarly database, follow these steps:\n\n1. Identify a scholarly database: First, you need to find an appropriate scholarly database to search on, you could use JSTOR, PubMed, Scopus, Web of Science among others, or chose a database according to your field of interest.\n\n2. Use keywords and phrases: Think about the main topics, keywords, or phrases relevant to your desired paper or research. Enter these keywords into the database search bar.\n\n3. Use filters: Many databases allow you to apply filters to your search. You can filter by publication date, subject area, language, and more, to refine your results and make them more specific to your needs.\n\n4. Assess the results: Look at the titles and abstracts of the search results to determine if they match what you're looking for. If you find something promising, click on the title to access more information about the paper.\n\n5. Access the paper: If you've found a relevant paper, you can usually access it through the database. Some databases require a subscription, while others allow free access to some articles. If the paper isn't available through the database, it may be possible to access it through your library or by requesting it through interlibrary loan.\n\n6. Repeat the process: If you don't find exactly what you're looking for, try adjusting your search terms, using more filters, or searching in a different database to get more results. With some persistence, you should be able to find the paper that you need.\n*****QUESTION:***** If there is an explanation: Is the explanation misleading (e.g. arguing for a label that is wrong)?", "index": 475}, {"instruction": "Given an array of integers, find the lowest value", "input": "[19, 8, 6, -3, 11]", "output": "The lowest value in the given array of integers is -3.", "all_data": "*****INSTRUCTION:***** Given an array of integers, find the lowest value\n[19, 8, 6, -3, 11]\n*****OUTPUT:***** The lowest value in the given array of integers is -3.\n*****QUESTION:***** Does the output contain an explanation for the prediction?", "index": 476}, {"instruction": "Given an array of integers, find the lowest value", "input": "[19, 8, 6, -3, 11]", "output": "The lowest value in the given array of integers is -3.", "all_data": "*****INSTRUCTION:***** Given an array of integers, find the lowest value\n[19, 8, 6, -3, 11]\n*****OUTPUT:***** The lowest value in the given array of integers is -3.\n*****QUESTION:***** Would you give an explanation/justify your reasoning if you were asked this question by a friend?", "index": 477}, {"instruction": "Given an array of integers, find the lowest value", "input": "[19, 8, 6, -3, 11]", "output": "The lowest value in the given array of integers is -3.", "all_data": "*****INSTRUCTION:***** Given an array of integers, find the lowest value\n[19, 8, 6, -3, 11]\n*****OUTPUT:***** The lowest value in the given array of integers is -3.\n*****QUESTION:***** If there is an explanation: Does the explanation refer to commonsense concepts that are taken as given?", "index": 478}, {"instruction": "Given an array of integers, find the lowest value", "input": "[19, 8, 6, -3, 11]", "output": "The lowest value in the given array of integers is -3.", "all_data": "*****INSTRUCTION:***** Given an array of integers, find the lowest value\n[19, 8, 6, -3, 11]\n*****OUTPUT:***** The lowest value in the given array of integers is -3.\n*****QUESTION:***** If there is an explanation: Does the explanation list contributing factors?", "index": 479}, {"instruction": "Given an array of integers, find the lowest value", "input": "[19, 8, 6, -3, 11]", "output": "The lowest value in the given array of integers is -3.", "all_data": "*****INSTRUCTION:***** Given an array of integers, find the lowest value\n[19, 8, 6, -3, 11]\n*****OUTPUT:***** The lowest value in the given array of integers is -3.\n*****QUESTION:***** If there is an explanation: Does the explanation include subjective or biased criteria?", "index": 480}, {"instruction": "Given an array of integers, find the lowest value", "input": "[19, 8, 6, -3, 11]", "output": "The lowest value in the given array of integers is -3.", "all_data": "*****INSTRUCTION:***** Given an array of integers, find the lowest value\n[19, 8, 6, -3, 11]\n*****OUTPUT:***** The lowest value in the given array of integers is -3.\n*****QUESTION:***** If there is an explanation: Does the explanation include illustrative elements (e.g. examples)?", "index": 481}, {"instruction": "Given an array of integers, find the lowest value", "input": "[19, 8, 6, -3, 11]", "output": "The lowest value in the given array of integers is -3.", "all_data": "*****INSTRUCTION:***** Given an array of integers, find the lowest value\n[19, 8, 6, -3, 11]\n*****OUTPUT:***** The lowest value in the given array of integers is -3.\n*****QUESTION:***** If there is an explanation: Is the explanation misleading (e.g. arguing for a label that is wrong)?", "index": 482}, {"instruction": "Propose a strategy to solve global poverty.", "input": "", "output": "Solving global poverty is a complex issue and it requires a multi-faceted, collaborative approach. Here is a strategy to address this problem:\n\n1. Develop and Implement Fair Economic Policies: Governments of developing countries should develop fair economic policies, that encourage investment from foreign institutions, promote job creation and provide safety nets for the most vulnerable communities. Developed countries should support these policies by promoting fair trade.\n\n2. Strengthen Global Partnerships: Long term and sustainable partnerships need to be established between developed and developing countries to help eradicate poverty. Organizations such as the World Bank, the United Nations, and NGO\u2019s should work with governments to develop and implement poverty reduction strategies.\n\n3. Promote Education: Education is fundamental in breaking the cycle of poverty. Facilitating access to quality education for children in developing countries, as well as providing access to vocational training for adults, can provide the skills and knowledge necessary for individuals to pursue better-paying jobs, and lead more fulfilled lives.\n\n4. Reduce Conflicts: Conflicts and wars often contribute to an increase in poverty. Therefore, international organizations and governments should work towards reducing the number of conflicts and, in the event of one, provide adequate support for refugees, and work quickly to restore peace and order.\n\n5. Address Health Issues: Poor health is a contributing factor to poverty. Developing and implementing effective public health programs in developing countries can help reduce poverty. This would involve providing access to medical care, clean water, healthy food, and information about health and hygiene.\n\n6. Empower Women: Women in developing countries are often unfairly affected by poverty. Providing economic and educational opportunities for women, as well as protecting their rights, can lead to powerful changes in society, and helps to reduce poverty levels.\n\nOverall, the strategy to solve global poverty should involve a combination of actions, addressing both the root causes and the symptoms of poverty, and requires the cooperation and commitment of governments, international organizations, and individuals around the world.", "all_data": "*****INSTRUCTION:***** Propose a strategy to solve global poverty.\n\n*****OUTPUT:***** Solving global poverty is a complex issue and it requires a multi-faceted, collaborative approach. Here is a strategy to address this problem:\n\n1. Develop and Implement Fair Economic Policies: Governments of developing countries should develop fair economic policies, that encourage investment from foreign institutions, promote job creation and provide safety nets for the most vulnerable communities. Developed countries should support these policies by promoting fair trade.\n\n2. Strengthen Global Partnerships: Long term and sustainable partnerships need to be established between developed and developing countries to help eradicate poverty. Organizations such as the World Bank, the United Nations, and NGO\u2019s should work with governments to develop and implement poverty reduction strategies.\n\n3. Promote Education: Education is fundamental in breaking the cycle of poverty. Facilitating access to quality education for children in developing countries, as well as providing access to vocational training for adults, can provide the skills and knowledge necessary for individuals to pursue better-paying jobs, and lead more fulfilled lives.\n\n4. Reduce Conflicts: Conflicts and wars often contribute to an increase in poverty. Therefore, international organizations and governments should work towards reducing the number of conflicts and, in the event of one, provide adequate support for refugees, and work quickly to restore peace and order.\n\n5. Address Health Issues: Poor health is a contributing factor to poverty. Developing and implementing effective public health programs in developing countries can help reduce poverty. This would involve providing access to medical care, clean water, healthy food, and information about health and hygiene.\n\n6. Empower Women: Women in developing countries are often unfairly affected by poverty. Providing economic and educational opportunities for women, as well as protecting their rights, can lead to powerful changes in society, and helps to reduce poverty levels.\n\nOverall, the strategy to solve global poverty should involve a combination of actions, addressing both the root causes and the symptoms of poverty, and requires the cooperation and commitment of governments, international organizations, and individuals around the world.\n*****QUESTION:***** Does the output contain an explanation for the prediction?", "index": 483}, {"instruction": "Propose a strategy to solve global poverty.", "input": "", "output": "Solving global poverty is a complex issue and it requires a multi-faceted, collaborative approach. Here is a strategy to address this problem:\n\n1. Develop and Implement Fair Economic Policies: Governments of developing countries should develop fair economic policies, that encourage investment from foreign institutions, promote job creation and provide safety nets for the most vulnerable communities. Developed countries should support these policies by promoting fair trade.\n\n2. Strengthen Global Partnerships: Long term and sustainable partnerships need to be established between developed and developing countries to help eradicate poverty. Organizations such as the World Bank, the United Nations, and NGO\u2019s should work with governments to develop and implement poverty reduction strategies.\n\n3. Promote Education: Education is fundamental in breaking the cycle of poverty. Facilitating access to quality education for children in developing countries, as well as providing access to vocational training for adults, can provide the skills and knowledge necessary for individuals to pursue better-paying jobs, and lead more fulfilled lives.\n\n4. Reduce Conflicts: Conflicts and wars often contribute to an increase in poverty. Therefore, international organizations and governments should work towards reducing the number of conflicts and, in the event of one, provide adequate support for refugees, and work quickly to restore peace and order.\n\n5. Address Health Issues: Poor health is a contributing factor to poverty. Developing and implementing effective public health programs in developing countries can help reduce poverty. This would involve providing access to medical care, clean water, healthy food, and information about health and hygiene.\n\n6. Empower Women: Women in developing countries are often unfairly affected by poverty. Providing economic and educational opportunities for women, as well as protecting their rights, can lead to powerful changes in society, and helps to reduce poverty levels.\n\nOverall, the strategy to solve global poverty should involve a combination of actions, addressing both the root causes and the symptoms of poverty, and requires the cooperation and commitment of governments, international organizations, and individuals around the world.", "all_data": "*****INSTRUCTION:***** Propose a strategy to solve global poverty.\n\n*****OUTPUT:***** Solving global poverty is a complex issue and it requires a multi-faceted, collaborative approach. Here is a strategy to address this problem:\n\n1. Develop and Implement Fair Economic Policies: Governments of developing countries should develop fair economic policies, that encourage investment from foreign institutions, promote job creation and provide safety nets for the most vulnerable communities. Developed countries should support these policies by promoting fair trade.\n\n2. Strengthen Global Partnerships: Long term and sustainable partnerships need to be established between developed and developing countries to help eradicate poverty. Organizations such as the World Bank, the United Nations, and NGO\u2019s should work with governments to develop and implement poverty reduction strategies.\n\n3. Promote Education: Education is fundamental in breaking the cycle of poverty. Facilitating access to quality education for children in developing countries, as well as providing access to vocational training for adults, can provide the skills and knowledge necessary for individuals to pursue better-paying jobs, and lead more fulfilled lives.\n\n4. Reduce Conflicts: Conflicts and wars often contribute to an increase in poverty. Therefore, international organizations and governments should work towards reducing the number of conflicts and, in the event of one, provide adequate support for refugees, and work quickly to restore peace and order.\n\n5. Address Health Issues: Poor health is a contributing factor to poverty. Developing and implementing effective public health programs in developing countries can help reduce poverty. This would involve providing access to medical care, clean water, healthy food, and information about health and hygiene.\n\n6. Empower Women: Women in developing countries are often unfairly affected by poverty. Providing economic and educational opportunities for women, as well as protecting their rights, can lead to powerful changes in society, and helps to reduce poverty levels.\n\nOverall, the strategy to solve global poverty should involve a combination of actions, addressing both the root causes and the symptoms of poverty, and requires the cooperation and commitment of governments, international organizations, and individuals around the world.\n*****QUESTION:***** Would you give an explanation/justify your reasoning if you were asked this question by a friend?", "index": 484}, {"instruction": "Propose a strategy to solve global poverty.", "input": "", "output": "Solving global poverty is a complex issue and it requires a multi-faceted, collaborative approach. Here is a strategy to address this problem:\n\n1. Develop and Implement Fair Economic Policies: Governments of developing countries should develop fair economic policies, that encourage investment from foreign institutions, promote job creation and provide safety nets for the most vulnerable communities. Developed countries should support these policies by promoting fair trade.\n\n2. Strengthen Global Partnerships: Long term and sustainable partnerships need to be established between developed and developing countries to help eradicate poverty. Organizations such as the World Bank, the United Nations, and NGO\u2019s should work with governments to develop and implement poverty reduction strategies.\n\n3. Promote Education: Education is fundamental in breaking the cycle of poverty. Facilitating access to quality education for children in developing countries, as well as providing access to vocational training for adults, can provide the skills and knowledge necessary for individuals to pursue better-paying jobs, and lead more fulfilled lives.\n\n4. Reduce Conflicts: Conflicts and wars often contribute to an increase in poverty. Therefore, international organizations and governments should work towards reducing the number of conflicts and, in the event of one, provide adequate support for refugees, and work quickly to restore peace and order.\n\n5. Address Health Issues: Poor health is a contributing factor to poverty. Developing and implementing effective public health programs in developing countries can help reduce poverty. This would involve providing access to medical care, clean water, healthy food, and information about health and hygiene.\n\n6. Empower Women: Women in developing countries are often unfairly affected by poverty. Providing economic and educational opportunities for women, as well as protecting their rights, can lead to powerful changes in society, and helps to reduce poverty levels.\n\nOverall, the strategy to solve global poverty should involve a combination of actions, addressing both the root causes and the symptoms of poverty, and requires the cooperation and commitment of governments, international organizations, and individuals around the world.", "all_data": "*****INSTRUCTION:***** Propose a strategy to solve global poverty.\n\n*****OUTPUT:***** Solving global poverty is a complex issue and it requires a multi-faceted, collaborative approach. Here is a strategy to address this problem:\n\n1. Develop and Implement Fair Economic Policies: Governments of developing countries should develop fair economic policies, that encourage investment from foreign institutions, promote job creation and provide safety nets for the most vulnerable communities. Developed countries should support these policies by promoting fair trade.\n\n2. Strengthen Global Partnerships: Long term and sustainable partnerships need to be established between developed and developing countries to help eradicate poverty. Organizations such as the World Bank, the United Nations, and NGO\u2019s should work with governments to develop and implement poverty reduction strategies.\n\n3. Promote Education: Education is fundamental in breaking the cycle of poverty. Facilitating access to quality education for children in developing countries, as well as providing access to vocational training for adults, can provide the skills and knowledge necessary for individuals to pursue better-paying jobs, and lead more fulfilled lives.\n\n4. Reduce Conflicts: Conflicts and wars often contribute to an increase in poverty. Therefore, international organizations and governments should work towards reducing the number of conflicts and, in the event of one, provide adequate support for refugees, and work quickly to restore peace and order.\n\n5. Address Health Issues: Poor health is a contributing factor to poverty. Developing and implementing effective public health programs in developing countries can help reduce poverty. This would involve providing access to medical care, clean water, healthy food, and information about health and hygiene.\n\n6. Empower Women: Women in developing countries are often unfairly affected by poverty. Providing economic and educational opportunities for women, as well as protecting their rights, can lead to powerful changes in society, and helps to reduce poverty levels.\n\nOverall, the strategy to solve global poverty should involve a combination of actions, addressing both the root causes and the symptoms of poverty, and requires the cooperation and commitment of governments, international organizations, and individuals around the world.\n*****QUESTION:***** If there is an explanation: Does the explanation refer to commonsense concepts that are taken as given?", "index": 485}, {"instruction": "Propose a strategy to solve global poverty.", "input": "", "output": "Solving global poverty is a complex issue and it requires a multi-faceted, collaborative approach. Here is a strategy to address this problem:\n\n1. Develop and Implement Fair Economic Policies: Governments of developing countries should develop fair economic policies, that encourage investment from foreign institutions, promote job creation and provide safety nets for the most vulnerable communities. Developed countries should support these policies by promoting fair trade.\n\n2. Strengthen Global Partnerships: Long term and sustainable partnerships need to be established between developed and developing countries to help eradicate poverty. Organizations such as the World Bank, the United Nations, and NGO\u2019s should work with governments to develop and implement poverty reduction strategies.\n\n3. Promote Education: Education is fundamental in breaking the cycle of poverty. Facilitating access to quality education for children in developing countries, as well as providing access to vocational training for adults, can provide the skills and knowledge necessary for individuals to pursue better-paying jobs, and lead more fulfilled lives.\n\n4. Reduce Conflicts: Conflicts and wars often contribute to an increase in poverty. Therefore, international organizations and governments should work towards reducing the number of conflicts and, in the event of one, provide adequate support for refugees, and work quickly to restore peace and order.\n\n5. Address Health Issues: Poor health is a contributing factor to poverty. Developing and implementing effective public health programs in developing countries can help reduce poverty. This would involve providing access to medical care, clean water, healthy food, and information about health and hygiene.\n\n6. Empower Women: Women in developing countries are often unfairly affected by poverty. Providing economic and educational opportunities for women, as well as protecting their rights, can lead to powerful changes in society, and helps to reduce poverty levels.\n\nOverall, the strategy to solve global poverty should involve a combination of actions, addressing both the root causes and the symptoms of poverty, and requires the cooperation and commitment of governments, international organizations, and individuals around the world.", "all_data": "*****INSTRUCTION:***** Propose a strategy to solve global poverty.\n\n*****OUTPUT:***** Solving global poverty is a complex issue and it requires a multi-faceted, collaborative approach. Here is a strategy to address this problem:\n\n1. Develop and Implement Fair Economic Policies: Governments of developing countries should develop fair economic policies, that encourage investment from foreign institutions, promote job creation and provide safety nets for the most vulnerable communities. Developed countries should support these policies by promoting fair trade.\n\n2. Strengthen Global Partnerships: Long term and sustainable partnerships need to be established between developed and developing countries to help eradicate poverty. Organizations such as the World Bank, the United Nations, and NGO\u2019s should work with governments to develop and implement poverty reduction strategies.\n\n3. Promote Education: Education is fundamental in breaking the cycle of poverty. Facilitating access to quality education for children in developing countries, as well as providing access to vocational training for adults, can provide the skills and knowledge necessary for individuals to pursue better-paying jobs, and lead more fulfilled lives.\n\n4. Reduce Conflicts: Conflicts and wars often contribute to an increase in poverty. Therefore, international organizations and governments should work towards reducing the number of conflicts and, in the event of one, provide adequate support for refugees, and work quickly to restore peace and order.\n\n5. Address Health Issues: Poor health is a contributing factor to poverty. Developing and implementing effective public health programs in developing countries can help reduce poverty. This would involve providing access to medical care, clean water, healthy food, and information about health and hygiene.\n\n6. Empower Women: Women in developing countries are often unfairly affected by poverty. Providing economic and educational opportunities for women, as well as protecting their rights, can lead to powerful changes in society, and helps to reduce poverty levels.\n\nOverall, the strategy to solve global poverty should involve a combination of actions, addressing both the root causes and the symptoms of poverty, and requires the cooperation and commitment of governments, international organizations, and individuals around the world.\n*****QUESTION:***** If there is an explanation: Does the explanation list contributing factors?", "index": 486}, {"instruction": "Propose a strategy to solve global poverty.", "input": "", "output": "Solving global poverty is a complex issue and it requires a multi-faceted, collaborative approach. Here is a strategy to address this problem:\n\n1. Develop and Implement Fair Economic Policies: Governments of developing countries should develop fair economic policies, that encourage investment from foreign institutions, promote job creation and provide safety nets for the most vulnerable communities. Developed countries should support these policies by promoting fair trade.\n\n2. Strengthen Global Partnerships: Long term and sustainable partnerships need to be established between developed and developing countries to help eradicate poverty. Organizations such as the World Bank, the United Nations, and NGO\u2019s should work with governments to develop and implement poverty reduction strategies.\n\n3. Promote Education: Education is fundamental in breaking the cycle of poverty. Facilitating access to quality education for children in developing countries, as well as providing access to vocational training for adults, can provide the skills and knowledge necessary for individuals to pursue better-paying jobs, and lead more fulfilled lives.\n\n4. Reduce Conflicts: Conflicts and wars often contribute to an increase in poverty. Therefore, international organizations and governments should work towards reducing the number of conflicts and, in the event of one, provide adequate support for refugees, and work quickly to restore peace and order.\n\n5. Address Health Issues: Poor health is a contributing factor to poverty. Developing and implementing effective public health programs in developing countries can help reduce poverty. This would involve providing access to medical care, clean water, healthy food, and information about health and hygiene.\n\n6. Empower Women: Women in developing countries are often unfairly affected by poverty. Providing economic and educational opportunities for women, as well as protecting their rights, can lead to powerful changes in society, and helps to reduce poverty levels.\n\nOverall, the strategy to solve global poverty should involve a combination of actions, addressing both the root causes and the symptoms of poverty, and requires the cooperation and commitment of governments, international organizations, and individuals around the world.", "all_data": "*****INSTRUCTION:***** Propose a strategy to solve global poverty.\n\n*****OUTPUT:***** Solving global poverty is a complex issue and it requires a multi-faceted, collaborative approach. Here is a strategy to address this problem:\n\n1. Develop and Implement Fair Economic Policies: Governments of developing countries should develop fair economic policies, that encourage investment from foreign institutions, promote job creation and provide safety nets for the most vulnerable communities. Developed countries should support these policies by promoting fair trade.\n\n2. Strengthen Global Partnerships: Long term and sustainable partnerships need to be established between developed and developing countries to help eradicate poverty. Organizations such as the World Bank, the United Nations, and NGO\u2019s should work with governments to develop and implement poverty reduction strategies.\n\n3. Promote Education: Education is fundamental in breaking the cycle of poverty. Facilitating access to quality education for children in developing countries, as well as providing access to vocational training for adults, can provide the skills and knowledge necessary for individuals to pursue better-paying jobs, and lead more fulfilled lives.\n\n4. Reduce Conflicts: Conflicts and wars often contribute to an increase in poverty. Therefore, international organizations and governments should work towards reducing the number of conflicts and, in the event of one, provide adequate support for refugees, and work quickly to restore peace and order.\n\n5. Address Health Issues: Poor health is a contributing factor to poverty. Developing and implementing effective public health programs in developing countries can help reduce poverty. This would involve providing access to medical care, clean water, healthy food, and information about health and hygiene.\n\n6. Empower Women: Women in developing countries are often unfairly affected by poverty. Providing economic and educational opportunities for women, as well as protecting their rights, can lead to powerful changes in society, and helps to reduce poverty levels.\n\nOverall, the strategy to solve global poverty should involve a combination of actions, addressing both the root causes and the symptoms of poverty, and requires the cooperation and commitment of governments, international organizations, and individuals around the world.\n*****QUESTION:***** If there is an explanation: Does the explanation include subjective or biased criteria?", "index": 487}, {"instruction": "Propose a strategy to solve global poverty.", "input": "", "output": "Solving global poverty is a complex issue and it requires a multi-faceted, collaborative approach. Here is a strategy to address this problem:\n\n1. Develop and Implement Fair Economic Policies: Governments of developing countries should develop fair economic policies, that encourage investment from foreign institutions, promote job creation and provide safety nets for the most vulnerable communities. Developed countries should support these policies by promoting fair trade.\n\n2. Strengthen Global Partnerships: Long term and sustainable partnerships need to be established between developed and developing countries to help eradicate poverty. Organizations such as the World Bank, the United Nations, and NGO\u2019s should work with governments to develop and implement poverty reduction strategies.\n\n3. Promote Education: Education is fundamental in breaking the cycle of poverty. Facilitating access to quality education for children in developing countries, as well as providing access to vocational training for adults, can provide the skills and knowledge necessary for individuals to pursue better-paying jobs, and lead more fulfilled lives.\n\n4. Reduce Conflicts: Conflicts and wars often contribute to an increase in poverty. Therefore, international organizations and governments should work towards reducing the number of conflicts and, in the event of one, provide adequate support for refugees, and work quickly to restore peace and order.\n\n5. Address Health Issues: Poor health is a contributing factor to poverty. Developing and implementing effective public health programs in developing countries can help reduce poverty. This would involve providing access to medical care, clean water, healthy food, and information about health and hygiene.\n\n6. Empower Women: Women in developing countries are often unfairly affected by poverty. Providing economic and educational opportunities for women, as well as protecting their rights, can lead to powerful changes in society, and helps to reduce poverty levels.\n\nOverall, the strategy to solve global poverty should involve a combination of actions, addressing both the root causes and the symptoms of poverty, and requires the cooperation and commitment of governments, international organizations, and individuals around the world.", "all_data": "*****INSTRUCTION:***** Propose a strategy to solve global poverty.\n\n*****OUTPUT:***** Solving global poverty is a complex issue and it requires a multi-faceted, collaborative approach. Here is a strategy to address this problem:\n\n1. Develop and Implement Fair Economic Policies: Governments of developing countries should develop fair economic policies, that encourage investment from foreign institutions, promote job creation and provide safety nets for the most vulnerable communities. Developed countries should support these policies by promoting fair trade.\n\n2. Strengthen Global Partnerships: Long term and sustainable partnerships need to be established between developed and developing countries to help eradicate poverty. Organizations such as the World Bank, the United Nations, and NGO\u2019s should work with governments to develop and implement poverty reduction strategies.\n\n3. Promote Education: Education is fundamental in breaking the cycle of poverty. Facilitating access to quality education for children in developing countries, as well as providing access to vocational training for adults, can provide the skills and knowledge necessary for individuals to pursue better-paying jobs, and lead more fulfilled lives.\n\n4. Reduce Conflicts: Conflicts and wars often contribute to an increase in poverty. Therefore, international organizations and governments should work towards reducing the number of conflicts and, in the event of one, provide adequate support for refugees, and work quickly to restore peace and order.\n\n5. Address Health Issues: Poor health is a contributing factor to poverty. Developing and implementing effective public health programs in developing countries can help reduce poverty. This would involve providing access to medical care, clean water, healthy food, and information about health and hygiene.\n\n6. Empower Women: Women in developing countries are often unfairly affected by poverty. Providing economic and educational opportunities for women, as well as protecting their rights, can lead to powerful changes in society, and helps to reduce poverty levels.\n\nOverall, the strategy to solve global poverty should involve a combination of actions, addressing both the root causes and the symptoms of poverty, and requires the cooperation and commitment of governments, international organizations, and individuals around the world.\n*****QUESTION:***** If there is an explanation: Does the explanation include illustrative elements (e.g. examples)?", "index": 488}, {"instruction": "Propose a strategy to solve global poverty.", "input": "", "output": "Solving global poverty is a complex issue and it requires a multi-faceted, collaborative approach. Here is a strategy to address this problem:\n\n1. Develop and Implement Fair Economic Policies: Governments of developing countries should develop fair economic policies, that encourage investment from foreign institutions, promote job creation and provide safety nets for the most vulnerable communities. Developed countries should support these policies by promoting fair trade.\n\n2. Strengthen Global Partnerships: Long term and sustainable partnerships need to be established between developed and developing countries to help eradicate poverty. Organizations such as the World Bank, the United Nations, and NGO\u2019s should work with governments to develop and implement poverty reduction strategies.\n\n3. Promote Education: Education is fundamental in breaking the cycle of poverty. Facilitating access to quality education for children in developing countries, as well as providing access to vocational training for adults, can provide the skills and knowledge necessary for individuals to pursue better-paying jobs, and lead more fulfilled lives.\n\n4. Reduce Conflicts: Conflicts and wars often contribute to an increase in poverty. Therefore, international organizations and governments should work towards reducing the number of conflicts and, in the event of one, provide adequate support for refugees, and work quickly to restore peace and order.\n\n5. Address Health Issues: Poor health is a contributing factor to poverty. Developing and implementing effective public health programs in developing countries can help reduce poverty. This would involve providing access to medical care, clean water, healthy food, and information about health and hygiene.\n\n6. Empower Women: Women in developing countries are often unfairly affected by poverty. Providing economic and educational opportunities for women, as well as protecting their rights, can lead to powerful changes in society, and helps to reduce poverty levels.\n\nOverall, the strategy to solve global poverty should involve a combination of actions, addressing both the root causes and the symptoms of poverty, and requires the cooperation and commitment of governments, international organizations, and individuals around the world.", "all_data": "*****INSTRUCTION:***** Propose a strategy to solve global poverty.\n\n*****OUTPUT:***** Solving global poverty is a complex issue and it requires a multi-faceted, collaborative approach. Here is a strategy to address this problem:\n\n1. Develop and Implement Fair Economic Policies: Governments of developing countries should develop fair economic policies, that encourage investment from foreign institutions, promote job creation and provide safety nets for the most vulnerable communities. Developed countries should support these policies by promoting fair trade.\n\n2. Strengthen Global Partnerships: Long term and sustainable partnerships need to be established between developed and developing countries to help eradicate poverty. Organizations such as the World Bank, the United Nations, and NGO\u2019s should work with governments to develop and implement poverty reduction strategies.\n\n3. Promote Education: Education is fundamental in breaking the cycle of poverty. Facilitating access to quality education for children in developing countries, as well as providing access to vocational training for adults, can provide the skills and knowledge necessary for individuals to pursue better-paying jobs, and lead more fulfilled lives.\n\n4. Reduce Conflicts: Conflicts and wars often contribute to an increase in poverty. Therefore, international organizations and governments should work towards reducing the number of conflicts and, in the event of one, provide adequate support for refugees, and work quickly to restore peace and order.\n\n5. Address Health Issues: Poor health is a contributing factor to poverty. Developing and implementing effective public health programs in developing countries can help reduce poverty. This would involve providing access to medical care, clean water, healthy food, and information about health and hygiene.\n\n6. Empower Women: Women in developing countries are often unfairly affected by poverty. Providing economic and educational opportunities for women, as well as protecting their rights, can lead to powerful changes in society, and helps to reduce poverty levels.\n\nOverall, the strategy to solve global poverty should involve a combination of actions, addressing both the root causes and the symptoms of poverty, and requires the cooperation and commitment of governments, international organizations, and individuals around the world.\n*****QUESTION:***** If there is an explanation: Is the explanation misleading (e.g. arguing for a label that is wrong)?", "index": 489}, {"instruction": "What are the main advantages of learning to code?", "input": "", "output": "There are several advantages to learning how to code, including:\n\n1. Better job opportunities: There's a high demand for programmers and software developers, and the field offers lucrative and stable job opportunities. Additionally, even if you don't pursue a career in tech, many industries value employees with coding skills, as technology becomes more integrated into all aspects of business.\n\n2. Improved problem-solving skills: Learning to code involves breaking big problems down into small, manageable parts, developing an eye for detail and sharpening your logical thinking. These problem-solving skills can be applied to many other areas of your professional and personal life.\n\n3. Increased creativity: Coding allows you to bring your ideas to life, whether you're building a website, an app, or a game. As you learn to code and experiment with different programming languages and tools, you'll find new ways to express your creativity.\n\n4. More control over technology: With coding skills, you can better understand how technology works and make changes to suit your needs. Whether you're automating repetitive tasks, customizing your website, or fixing bugs in a program, coding puts you in control.\n\n5. Personal satisfaction: Finally, learning to code can provide immense personal satisfaction, as you gain the ability to create something from nothing and tackle complex challenges. It's an empowering and rewarding skill to have.\n\nOverall, learning to code can provide valuable job opportunities, improved problem-solving and creativity, greater control over technology, and personal satisfaction. It's a valuable skill that can benefit you in many different ways.", "all_data": "*****INSTRUCTION:***** What are the main advantages of learning to code?\n\n*****OUTPUT:***** There are several advantages to learning how to code, including:\n\n1. Better job opportunities: There's a high demand for programmers and software developers, and the field offers lucrative and stable job opportunities. Additionally, even if you don't pursue a career in tech, many industries value employees with coding skills, as technology becomes more integrated into all aspects of business.\n\n2. Improved problem-solving skills: Learning to code involves breaking big problems down into small, manageable parts, developing an eye for detail and sharpening your logical thinking. These problem-solving skills can be applied to many other areas of your professional and personal life.\n\n3. Increased creativity: Coding allows you to bring your ideas to life, whether you're building a website, an app, or a game. As you learn to code and experiment with different programming languages and tools, you'll find new ways to express your creativity.\n\n4. More control over technology: With coding skills, you can better understand how technology works and make changes to suit your needs. Whether you're automating repetitive tasks, customizing your website, or fixing bugs in a program, coding puts you in control.\n\n5. Personal satisfaction: Finally, learning to code can provide immense personal satisfaction, as you gain the ability to create something from nothing and tackle complex challenges. It's an empowering and rewarding skill to have.\n\nOverall, learning to code can provide valuable job opportunities, improved problem-solving and creativity, greater control over technology, and personal satisfaction. It's a valuable skill that can benefit you in many different ways.\n*****QUESTION:***** Does the output contain an explanation for the prediction?", "index": 490}, {"instruction": "What are the main advantages of learning to code?", "input": "", "output": "There are several advantages to learning how to code, including:\n\n1. Better job opportunities: There's a high demand for programmers and software developers, and the field offers lucrative and stable job opportunities. Additionally, even if you don't pursue a career in tech, many industries value employees with coding skills, as technology becomes more integrated into all aspects of business.\n\n2. Improved problem-solving skills: Learning to code involves breaking big problems down into small, manageable parts, developing an eye for detail and sharpening your logical thinking. These problem-solving skills can be applied to many other areas of your professional and personal life.\n\n3. Increased creativity: Coding allows you to bring your ideas to life, whether you're building a website, an app, or a game. As you learn to code and experiment with different programming languages and tools, you'll find new ways to express your creativity.\n\n4. More control over technology: With coding skills, you can better understand how technology works and make changes to suit your needs. Whether you're automating repetitive tasks, customizing your website, or fixing bugs in a program, coding puts you in control.\n\n5. Personal satisfaction: Finally, learning to code can provide immense personal satisfaction, as you gain the ability to create something from nothing and tackle complex challenges. It's an empowering and rewarding skill to have.\n\nOverall, learning to code can provide valuable job opportunities, improved problem-solving and creativity, greater control over technology, and personal satisfaction. It's a valuable skill that can benefit you in many different ways.", "all_data": "*****INSTRUCTION:***** What are the main advantages of learning to code?\n\n*****OUTPUT:***** There are several advantages to learning how to code, including:\n\n1. Better job opportunities: There's a high demand for programmers and software developers, and the field offers lucrative and stable job opportunities. Additionally, even if you don't pursue a career in tech, many industries value employees with coding skills, as technology becomes more integrated into all aspects of business.\n\n2. Improved problem-solving skills: Learning to code involves breaking big problems down into small, manageable parts, developing an eye for detail and sharpening your logical thinking. These problem-solving skills can be applied to many other areas of your professional and personal life.\n\n3. Increased creativity: Coding allows you to bring your ideas to life, whether you're building a website, an app, or a game. As you learn to code and experiment with different programming languages and tools, you'll find new ways to express your creativity.\n\n4. More control over technology: With coding skills, you can better understand how technology works and make changes to suit your needs. Whether you're automating repetitive tasks, customizing your website, or fixing bugs in a program, coding puts you in control.\n\n5. Personal satisfaction: Finally, learning to code can provide immense personal satisfaction, as you gain the ability to create something from nothing and tackle complex challenges. It's an empowering and rewarding skill to have.\n\nOverall, learning to code can provide valuable job opportunities, improved problem-solving and creativity, greater control over technology, and personal satisfaction. It's a valuable skill that can benefit you in many different ways.\n*****QUESTION:***** Would you give an explanation/justify your reasoning if you were asked this question by a friend?", "index": 491}, {"instruction": "What are the main advantages of learning to code?", "input": "", "output": "There are several advantages to learning how to code, including:\n\n1. Better job opportunities: There's a high demand for programmers and software developers, and the field offers lucrative and stable job opportunities. Additionally, even if you don't pursue a career in tech, many industries value employees with coding skills, as technology becomes more integrated into all aspects of business.\n\n2. Improved problem-solving skills: Learning to code involves breaking big problems down into small, manageable parts, developing an eye for detail and sharpening your logical thinking. These problem-solving skills can be applied to many other areas of your professional and personal life.\n\n3. Increased creativity: Coding allows you to bring your ideas to life, whether you're building a website, an app, or a game. As you learn to code and experiment with different programming languages and tools, you'll find new ways to express your creativity.\n\n4. More control over technology: With coding skills, you can better understand how technology works and make changes to suit your needs. Whether you're automating repetitive tasks, customizing your website, or fixing bugs in a program, coding puts you in control.\n\n5. Personal satisfaction: Finally, learning to code can provide immense personal satisfaction, as you gain the ability to create something from nothing and tackle complex challenges. It's an empowering and rewarding skill to have.\n\nOverall, learning to code can provide valuable job opportunities, improved problem-solving and creativity, greater control over technology, and personal satisfaction. It's a valuable skill that can benefit you in many different ways.", "all_data": "*****INSTRUCTION:***** What are the main advantages of learning to code?\n\n*****OUTPUT:***** There are several advantages to learning how to code, including:\n\n1. Better job opportunities: There's a high demand for programmers and software developers, and the field offers lucrative and stable job opportunities. Additionally, even if you don't pursue a career in tech, many industries value employees with coding skills, as technology becomes more integrated into all aspects of business.\n\n2. Improved problem-solving skills: Learning to code involves breaking big problems down into small, manageable parts, developing an eye for detail and sharpening your logical thinking. These problem-solving skills can be applied to many other areas of your professional and personal life.\n\n3. Increased creativity: Coding allows you to bring your ideas to life, whether you're building a website, an app, or a game. As you learn to code and experiment with different programming languages and tools, you'll find new ways to express your creativity.\n\n4. More control over technology: With coding skills, you can better understand how technology works and make changes to suit your needs. Whether you're automating repetitive tasks, customizing your website, or fixing bugs in a program, coding puts you in control.\n\n5. Personal satisfaction: Finally, learning to code can provide immense personal satisfaction, as you gain the ability to create something from nothing and tackle complex challenges. It's an empowering and rewarding skill to have.\n\nOverall, learning to code can provide valuable job opportunities, improved problem-solving and creativity, greater control over technology, and personal satisfaction. It's a valuable skill that can benefit you in many different ways.\n*****QUESTION:***** If there is an explanation: Does the explanation refer to commonsense concepts that are taken as given?", "index": 492}, {"instruction": "What are the main advantages of learning to code?", "input": "", "output": "There are several advantages to learning how to code, including:\n\n1. Better job opportunities: There's a high demand for programmers and software developers, and the field offers lucrative and stable job opportunities. Additionally, even if you don't pursue a career in tech, many industries value employees with coding skills, as technology becomes more integrated into all aspects of business.\n\n2. Improved problem-solving skills: Learning to code involves breaking big problems down into small, manageable parts, developing an eye for detail and sharpening your logical thinking. These problem-solving skills can be applied to many other areas of your professional and personal life.\n\n3. Increased creativity: Coding allows you to bring your ideas to life, whether you're building a website, an app, or a game. As you learn to code and experiment with different programming languages and tools, you'll find new ways to express your creativity.\n\n4. More control over technology: With coding skills, you can better understand how technology works and make changes to suit your needs. Whether you're automating repetitive tasks, customizing your website, or fixing bugs in a program, coding puts you in control.\n\n5. Personal satisfaction: Finally, learning to code can provide immense personal satisfaction, as you gain the ability to create something from nothing and tackle complex challenges. It's an empowering and rewarding skill to have.\n\nOverall, learning to code can provide valuable job opportunities, improved problem-solving and creativity, greater control over technology, and personal satisfaction. It's a valuable skill that can benefit you in many different ways.", "all_data": "*****INSTRUCTION:***** What are the main advantages of learning to code?\n\n*****OUTPUT:***** There are several advantages to learning how to code, including:\n\n1. Better job opportunities: There's a high demand for programmers and software developers, and the field offers lucrative and stable job opportunities. Additionally, even if you don't pursue a career in tech, many industries value employees with coding skills, as technology becomes more integrated into all aspects of business.\n\n2. Improved problem-solving skills: Learning to code involves breaking big problems down into small, manageable parts, developing an eye for detail and sharpening your logical thinking. These problem-solving skills can be applied to many other areas of your professional and personal life.\n\n3. Increased creativity: Coding allows you to bring your ideas to life, whether you're building a website, an app, or a game. As you learn to code and experiment with different programming languages and tools, you'll find new ways to express your creativity.\n\n4. More control over technology: With coding skills, you can better understand how technology works and make changes to suit your needs. Whether you're automating repetitive tasks, customizing your website, or fixing bugs in a program, coding puts you in control.\n\n5. Personal satisfaction: Finally, learning to code can provide immense personal satisfaction, as you gain the ability to create something from nothing and tackle complex challenges. It's an empowering and rewarding skill to have.\n\nOverall, learning to code can provide valuable job opportunities, improved problem-solving and creativity, greater control over technology, and personal satisfaction. It's a valuable skill that can benefit you in many different ways.\n*****QUESTION:***** If there is an explanation: Does the explanation list contributing factors?", "index": 493}, {"instruction": "What are the main advantages of learning to code?", "input": "", "output": "There are several advantages to learning how to code, including:\n\n1. Better job opportunities: There's a high demand for programmers and software developers, and the field offers lucrative and stable job opportunities. Additionally, even if you don't pursue a career in tech, many industries value employees with coding skills, as technology becomes more integrated into all aspects of business.\n\n2. Improved problem-solving skills: Learning to code involves breaking big problems down into small, manageable parts, developing an eye for detail and sharpening your logical thinking. These problem-solving skills can be applied to many other areas of your professional and personal life.\n\n3. Increased creativity: Coding allows you to bring your ideas to life, whether you're building a website, an app, or a game. As you learn to code and experiment with different programming languages and tools, you'll find new ways to express your creativity.\n\n4. More control over technology: With coding skills, you can better understand how technology works and make changes to suit your needs. Whether you're automating repetitive tasks, customizing your website, or fixing bugs in a program, coding puts you in control.\n\n5. Personal satisfaction: Finally, learning to code can provide immense personal satisfaction, as you gain the ability to create something from nothing and tackle complex challenges. It's an empowering and rewarding skill to have.\n\nOverall, learning to code can provide valuable job opportunities, improved problem-solving and creativity, greater control over technology, and personal satisfaction. It's a valuable skill that can benefit you in many different ways.", "all_data": "*****INSTRUCTION:***** What are the main advantages of learning to code?\n\n*****OUTPUT:***** There are several advantages to learning how to code, including:\n\n1. Better job opportunities: There's a high demand for programmers and software developers, and the field offers lucrative and stable job opportunities. Additionally, even if you don't pursue a career in tech, many industries value employees with coding skills, as technology becomes more integrated into all aspects of business.\n\n2. Improved problem-solving skills: Learning to code involves breaking big problems down into small, manageable parts, developing an eye for detail and sharpening your logical thinking. These problem-solving skills can be applied to many other areas of your professional and personal life.\n\n3. Increased creativity: Coding allows you to bring your ideas to life, whether you're building a website, an app, or a game. As you learn to code and experiment with different programming languages and tools, you'll find new ways to express your creativity.\n\n4. More control over technology: With coding skills, you can better understand how technology works and make changes to suit your needs. Whether you're automating repetitive tasks, customizing your website, or fixing bugs in a program, coding puts you in control.\n\n5. Personal satisfaction: Finally, learning to code can provide immense personal satisfaction, as you gain the ability to create something from nothing and tackle complex challenges. It's an empowering and rewarding skill to have.\n\nOverall, learning to code can provide valuable job opportunities, improved problem-solving and creativity, greater control over technology, and personal satisfaction. It's a valuable skill that can benefit you in many different ways.\n*****QUESTION:***** If there is an explanation: Does the explanation include subjective or biased criteria?", "index": 494}, {"instruction": "What are the main advantages of learning to code?", "input": "", "output": "There are several advantages to learning how to code, including:\n\n1. Better job opportunities: There's a high demand for programmers and software developers, and the field offers lucrative and stable job opportunities. Additionally, even if you don't pursue a career in tech, many industries value employees with coding skills, as technology becomes more integrated into all aspects of business.\n\n2. Improved problem-solving skills: Learning to code involves breaking big problems down into small, manageable parts, developing an eye for detail and sharpening your logical thinking. These problem-solving skills can be applied to many other areas of your professional and personal life.\n\n3. Increased creativity: Coding allows you to bring your ideas to life, whether you're building a website, an app, or a game. As you learn to code and experiment with different programming languages and tools, you'll find new ways to express your creativity.\n\n4. More control over technology: With coding skills, you can better understand how technology works and make changes to suit your needs. Whether you're automating repetitive tasks, customizing your website, or fixing bugs in a program, coding puts you in control.\n\n5. Personal satisfaction: Finally, learning to code can provide immense personal satisfaction, as you gain the ability to create something from nothing and tackle complex challenges. It's an empowering and rewarding skill to have.\n\nOverall, learning to code can provide valuable job opportunities, improved problem-solving and creativity, greater control over technology, and personal satisfaction. It's a valuable skill that can benefit you in many different ways.", "all_data": "*****INSTRUCTION:***** What are the main advantages of learning to code?\n\n*****OUTPUT:***** There are several advantages to learning how to code, including:\n\n1. Better job opportunities: There's a high demand for programmers and software developers, and the field offers lucrative and stable job opportunities. Additionally, even if you don't pursue a career in tech, many industries value employees with coding skills, as technology becomes more integrated into all aspects of business.\n\n2. Improved problem-solving skills: Learning to code involves breaking big problems down into small, manageable parts, developing an eye for detail and sharpening your logical thinking. These problem-solving skills can be applied to many other areas of your professional and personal life.\n\n3. Increased creativity: Coding allows you to bring your ideas to life, whether you're building a website, an app, or a game. As you learn to code and experiment with different programming languages and tools, you'll find new ways to express your creativity.\n\n4. More control over technology: With coding skills, you can better understand how technology works and make changes to suit your needs. Whether you're automating repetitive tasks, customizing your website, or fixing bugs in a program, coding puts you in control.\n\n5. Personal satisfaction: Finally, learning to code can provide immense personal satisfaction, as you gain the ability to create something from nothing and tackle complex challenges. It's an empowering and rewarding skill to have.\n\nOverall, learning to code can provide valuable job opportunities, improved problem-solving and creativity, greater control over technology, and personal satisfaction. It's a valuable skill that can benefit you in many different ways.\n*****QUESTION:***** If there is an explanation: Does the explanation include illustrative elements (e.g. examples)?", "index": 495}, {"instruction": "What are the main advantages of learning to code?", "input": "", "output": "There are several advantages to learning how to code, including:\n\n1. Better job opportunities: There's a high demand for programmers and software developers, and the field offers lucrative and stable job opportunities. Additionally, even if you don't pursue a career in tech, many industries value employees with coding skills, as technology becomes more integrated into all aspects of business.\n\n2. Improved problem-solving skills: Learning to code involves breaking big problems down into small, manageable parts, developing an eye for detail and sharpening your logical thinking. These problem-solving skills can be applied to many other areas of your professional and personal life.\n\n3. Increased creativity: Coding allows you to bring your ideas to life, whether you're building a website, an app, or a game. As you learn to code and experiment with different programming languages and tools, you'll find new ways to express your creativity.\n\n4. More control over technology: With coding skills, you can better understand how technology works and make changes to suit your needs. Whether you're automating repetitive tasks, customizing your website, or fixing bugs in a program, coding puts you in control.\n\n5. Personal satisfaction: Finally, learning to code can provide immense personal satisfaction, as you gain the ability to create something from nothing and tackle complex challenges. It's an empowering and rewarding skill to have.\n\nOverall, learning to code can provide valuable job opportunities, improved problem-solving and creativity, greater control over technology, and personal satisfaction. It's a valuable skill that can benefit you in many different ways.", "all_data": "*****INSTRUCTION:***** What are the main advantages of learning to code?\n\n*****OUTPUT:***** There are several advantages to learning how to code, including:\n\n1. Better job opportunities: There's a high demand for programmers and software developers, and the field offers lucrative and stable job opportunities. Additionally, even if you don't pursue a career in tech, many industries value employees with coding skills, as technology becomes more integrated into all aspects of business.\n\n2. Improved problem-solving skills: Learning to code involves breaking big problems down into small, manageable parts, developing an eye for detail and sharpening your logical thinking. These problem-solving skills can be applied to many other areas of your professional and personal life.\n\n3. Increased creativity: Coding allows you to bring your ideas to life, whether you're building a website, an app, or a game. As you learn to code and experiment with different programming languages and tools, you'll find new ways to express your creativity.\n\n4. More control over technology: With coding skills, you can better understand how technology works and make changes to suit your needs. Whether you're automating repetitive tasks, customizing your website, or fixing bugs in a program, coding puts you in control.\n\n5. Personal satisfaction: Finally, learning to code can provide immense personal satisfaction, as you gain the ability to create something from nothing and tackle complex challenges. It's an empowering and rewarding skill to have.\n\nOverall, learning to code can provide valuable job opportunities, improved problem-solving and creativity, greater control over technology, and personal satisfaction. It's a valuable skill that can benefit you in many different ways.\n*****QUESTION:***** If there is an explanation: Is the explanation misleading (e.g. arguing for a label that is wrong)?", "index": 496}, {"instruction": "Generate the output given the program code.", "input": "num1 = 2\nnum2 = 4\nprint(num1 + num2)", "output": "6", "all_data": "*****INSTRUCTION:***** Generate the output given the program code.\nnum1 = 2\nnum2 = 4\nprint(num1 + num2)\n*****OUTPUT:***** 6\n*****QUESTION:***** Does the output contain an explanation for the prediction?", "index": 497}, {"instruction": "Generate the output given the program code.", "input": "num1 = 2\nnum2 = 4\nprint(num1 + num2)", "output": "6", "all_data": "*****INSTRUCTION:***** Generate the output given the program code.\nnum1 = 2\nnum2 = 4\nprint(num1 + num2)\n*****OUTPUT:***** 6\n*****QUESTION:***** Would you give an explanation/justify your reasoning if you were asked this question by a friend?", "index": 498}, {"instruction": "Generate the output given the program code.", "input": "num1 = 2\nnum2 = 4\nprint(num1 + num2)", "output": "6", "all_data": "*****INSTRUCTION:***** Generate the output given the program code.\nnum1 = 2\nnum2 = 4\nprint(num1 + num2)\n*****OUTPUT:***** 6\n*****QUESTION:***** If there is an explanation: Does the explanation refer to commonsense concepts that are taken as given?", "index": 499}, {"instruction": "Generate the output given the program code.", "input": "num1 = 2\nnum2 = 4\nprint(num1 + num2)", "output": "6", "all_data": "*****INSTRUCTION:***** Generate the output given the program code.\nnum1 = 2\nnum2 = 4\nprint(num1 + num2)\n*****OUTPUT:***** 6\n*****QUESTION:***** If there is an explanation: Does the explanation list contributing factors?", "index": 500}, {"instruction": "Generate the output given the program code.", "input": "num1 = 2\nnum2 = 4\nprint(num1 + num2)", "output": "6", "all_data": "*****INSTRUCTION:***** Generate the output given the program code.\nnum1 = 2\nnum2 = 4\nprint(num1 + num2)\n*****OUTPUT:***** 6\n*****QUESTION:***** If there is an explanation: Does the explanation include subjective or biased criteria?", "index": 501}, {"instruction": "Generate the output given the program code.", "input": "num1 = 2\nnum2 = 4\nprint(num1 + num2)", "output": "6", "all_data": "*****INSTRUCTION:***** Generate the output given the program code.\nnum1 = 2\nnum2 = 4\nprint(num1 + num2)\n*****OUTPUT:***** 6\n*****QUESTION:***** If there is an explanation: Does the explanation include illustrative elements (e.g. examples)?", "index": 502}, {"instruction": "Generate the output given the program code.", "input": "num1 = 2\nnum2 = 4\nprint(num1 + num2)", "output": "6", "all_data": "*****INSTRUCTION:***** Generate the output given the program code.\nnum1 = 2\nnum2 = 4\nprint(num1 + num2)\n*****OUTPUT:***** 6\n*****QUESTION:***** If there is an explanation: Is the explanation misleading (e.g. arguing for a label that is wrong)?", "index": 503}, {"instruction": "Sort the following song titles in chronological order.", "input": "Let it Be, Hey Jude, Coming Up, Paperback Writer", "output": "1. Paperback Writer (1966)\n2. Hey Jude (1968)\n3. Let it Be (1970)\n4. Coming Up (1980)", "all_data": "*****INSTRUCTION:***** Sort the following song titles in chronological order.\nLet it Be, Hey Jude, Coming Up, Paperback Writer\n*****OUTPUT:***** 1. Paperback Writer (1966)\n2. Hey Jude (1968)\n3. Let it Be (1970)\n4. Coming Up (1980)\n*****QUESTION:***** Does the output contain an explanation for the prediction?", "index": 504}, {"instruction": "Sort the following song titles in chronological order.", "input": "Let it Be, Hey Jude, Coming Up, Paperback Writer", "output": "1. Paperback Writer (1966)\n2. Hey Jude (1968)\n3. Let it Be (1970)\n4. Coming Up (1980)", "all_data": "*****INSTRUCTION:***** Sort the following song titles in chronological order.\nLet it Be, Hey Jude, Coming Up, Paperback Writer\n*****OUTPUT:***** 1. Paperback Writer (1966)\n2. Hey Jude (1968)\n3. Let it Be (1970)\n4. Coming Up (1980)\n*****QUESTION:***** Would you give an explanation/justify your reasoning if you were asked this question by a friend?", "index": 505}, {"instruction": "Sort the following song titles in chronological order.", "input": "Let it Be, Hey Jude, Coming Up, Paperback Writer", "output": "1. Paperback Writer (1966)\n2. Hey Jude (1968)\n3. Let it Be (1970)\n4. Coming Up (1980)", "all_data": "*****INSTRUCTION:***** Sort the following song titles in chronological order.\nLet it Be, Hey Jude, Coming Up, Paperback Writer\n*****OUTPUT:***** 1. Paperback Writer (1966)\n2. Hey Jude (1968)\n3. Let it Be (1970)\n4. Coming Up (1980)\n*****QUESTION:***** If there is an explanation: Does the explanation refer to commonsense concepts that are taken as given?", "index": 506}, {"instruction": "Sort the following song titles in chronological order.", "input": "Let it Be, Hey Jude, Coming Up, Paperback Writer", "output": "1. Paperback Writer (1966)\n2. Hey Jude (1968)\n3. Let it Be (1970)\n4. Coming Up (1980)", "all_data": "*****INSTRUCTION:***** Sort the following song titles in chronological order.\nLet it Be, Hey Jude, Coming Up, Paperback Writer\n*****OUTPUT:***** 1. Paperback Writer (1966)\n2. Hey Jude (1968)\n3. Let it Be (1970)\n4. Coming Up (1980)\n*****QUESTION:***** If there is an explanation: Does the explanation list contributing factors?", "index": 507}, {"instruction": "Sort the following song titles in chronological order.", "input": "Let it Be, Hey Jude, Coming Up, Paperback Writer", "output": "1. Paperback Writer (1966)\n2. Hey Jude (1968)\n3. Let it Be (1970)\n4. Coming Up (1980)", "all_data": "*****INSTRUCTION:***** Sort the following song titles in chronological order.\nLet it Be, Hey Jude, Coming Up, Paperback Writer\n*****OUTPUT:***** 1. Paperback Writer (1966)\n2. Hey Jude (1968)\n3. Let it Be (1970)\n4. Coming Up (1980)\n*****QUESTION:***** If there is an explanation: Does the explanation include subjective or biased criteria?", "index": 508}, {"instruction": "Sort the following song titles in chronological order.", "input": "Let it Be, Hey Jude, Coming Up, Paperback Writer", "output": "1. Paperback Writer (1966)\n2. Hey Jude (1968)\n3. Let it Be (1970)\n4. Coming Up (1980)", "all_data": "*****INSTRUCTION:***** Sort the following song titles in chronological order.\nLet it Be, Hey Jude, Coming Up, Paperback Writer\n*****OUTPUT:***** 1. Paperback Writer (1966)\n2. Hey Jude (1968)\n3. Let it Be (1970)\n4. Coming Up (1980)\n*****QUESTION:***** If there is an explanation: Does the explanation include illustrative elements (e.g. examples)?", "index": 509}, {"instruction": "Sort the following song titles in chronological order.", "input": "Let it Be, Hey Jude, Coming Up, Paperback Writer", "output": "1. Paperback Writer (1966)\n2. Hey Jude (1968)\n3. Let it Be (1970)\n4. Coming Up (1980)", "all_data": "*****INSTRUCTION:***** Sort the following song titles in chronological order.\nLet it Be, Hey Jude, Coming Up, Paperback Writer\n*****OUTPUT:***** 1. Paperback Writer (1966)\n2. Hey Jude (1968)\n3. Let it Be (1970)\n4. Coming Up (1980)\n*****QUESTION:***** If there is an explanation: Is the explanation misleading (e.g. arguing for a label that is wrong)?", "index": 510}, {"instruction": "How does the protagonist feel towards the end of the book?", "input": "Josh has been struggling to make sense of what his life has become. He has lost many of his old friends, and his future is uncertain.", "output": "As an AI, I do not have knowledge of any specific book to which you may be referring. Could you please clarify the title and author of the book so I can provide a more accurate response?", "all_data": "*****INSTRUCTION:***** How does the protagonist feel towards the end of the book?\nJosh has been struggling to make sense of what his life has become. He has lost many of his old friends, and his future is uncertain.\n*****OUTPUT:***** As an AI, I do not have knowledge of any specific book to which you may be referring. Could you please clarify the title and author of the book so I can provide a more accurate response?\n*****QUESTION:***** Does the output contain an explanation for the prediction?", "index": 511}, {"instruction": "How does the protagonist feel towards the end of the book?", "input": "Josh has been struggling to make sense of what his life has become. He has lost many of his old friends, and his future is uncertain.", "output": "As an AI, I do not have knowledge of any specific book to which you may be referring. Could you please clarify the title and author of the book so I can provide a more accurate response?", "all_data": "*****INSTRUCTION:***** How does the protagonist feel towards the end of the book?\nJosh has been struggling to make sense of what his life has become. He has lost many of his old friends, and his future is uncertain.\n*****OUTPUT:***** As an AI, I do not have knowledge of any specific book to which you may be referring. Could you please clarify the title and author of the book so I can provide a more accurate response?\n*****QUESTION:***** Would you give an explanation/justify your reasoning if you were asked this question by a friend?", "index": 512}, {"instruction": "How does the protagonist feel towards the end of the book?", "input": "Josh has been struggling to make sense of what his life has become. He has lost many of his old friends, and his future is uncertain.", "output": "As an AI, I do not have knowledge of any specific book to which you may be referring. Could you please clarify the title and author of the book so I can provide a more accurate response?", "all_data": "*****INSTRUCTION:***** How does the protagonist feel towards the end of the book?\nJosh has been struggling to make sense of what his life has become. He has lost many of his old friends, and his future is uncertain.\n*****OUTPUT:***** As an AI, I do not have knowledge of any specific book to which you may be referring. Could you please clarify the title and author of the book so I can provide a more accurate response?\n*****QUESTION:***** If there is an explanation: Does the explanation refer to commonsense concepts that are taken as given?", "index": 513}, {"instruction": "How does the protagonist feel towards the end of the book?", "input": "Josh has been struggling to make sense of what his life has become. He has lost many of his old friends, and his future is uncertain.", "output": "As an AI, I do not have knowledge of any specific book to which you may be referring. Could you please clarify the title and author of the book so I can provide a more accurate response?", "all_data": "*****INSTRUCTION:***** How does the protagonist feel towards the end of the book?\nJosh has been struggling to make sense of what his life has become. He has lost many of his old friends, and his future is uncertain.\n*****OUTPUT:***** As an AI, I do not have knowledge of any specific book to which you may be referring. Could you please clarify the title and author of the book so I can provide a more accurate response?\n*****QUESTION:***** If there is an explanation: Does the explanation list contributing factors?", "index": 514}, {"instruction": "How does the protagonist feel towards the end of the book?", "input": "Josh has been struggling to make sense of what his life has become. He has lost many of his old friends, and his future is uncertain.", "output": "As an AI, I do not have knowledge of any specific book to which you may be referring. Could you please clarify the title and author of the book so I can provide a more accurate response?", "all_data": "*****INSTRUCTION:***** How does the protagonist feel towards the end of the book?\nJosh has been struggling to make sense of what his life has become. He has lost many of his old friends, and his future is uncertain.\n*****OUTPUT:***** As an AI, I do not have knowledge of any specific book to which you may be referring. Could you please clarify the title and author of the book so I can provide a more accurate response?\n*****QUESTION:***** If there is an explanation: Does the explanation include subjective or biased criteria?", "index": 515}, {"instruction": "How does the protagonist feel towards the end of the book?", "input": "Josh has been struggling to make sense of what his life has become. He has lost many of his old friends, and his future is uncertain.", "output": "As an AI, I do not have knowledge of any specific book to which you may be referring. Could you please clarify the title and author of the book so I can provide a more accurate response?", "all_data": "*****INSTRUCTION:***** How does the protagonist feel towards the end of the book?\nJosh has been struggling to make sense of what his life has become. He has lost many of his old friends, and his future is uncertain.\n*****OUTPUT:***** As an AI, I do not have knowledge of any specific book to which you may be referring. Could you please clarify the title and author of the book so I can provide a more accurate response?\n*****QUESTION:***** If there is an explanation: Does the explanation include illustrative elements (e.g. examples)?", "index": 516}, {"instruction": "How does the protagonist feel towards the end of the book?", "input": "Josh has been struggling to make sense of what his life has become. He has lost many of his old friends, and his future is uncertain.", "output": "As an AI, I do not have knowledge of any specific book to which you may be referring. Could you please clarify the title and author of the book so I can provide a more accurate response?", "all_data": "*****INSTRUCTION:***** How does the protagonist feel towards the end of the book?\nJosh has been struggling to make sense of what his life has become. He has lost many of his old friends, and his future is uncertain.\n*****OUTPUT:***** As an AI, I do not have knowledge of any specific book to which you may be referring. Could you please clarify the title and author of the book so I can provide a more accurate response?\n*****QUESTION:***** If there is an explanation: Is the explanation misleading (e.g. arguing for a label that is wrong)?", "index": 517}, {"instruction": "Identify the mistakes (if any) in the library management system design below.", "input": "The Library Management System should store the number of books available in the library and the activities occurring in the library. Additionally it should also store the details of the users who take the books.", "output": "There are no obvious mistakes in the described design for the Library Management System. However, it could be improved by providing some additional information or specifications, such as the specific details of user information that should be stored, as well as information about the specific activities that the system should track within the library. Additionally, the design could be improved by describing how the system would keep track of borrowed books or provide notifications for overdue returns.", "all_data": "*****INSTRUCTION:***** Identify the mistakes (if any) in the library management system design below.\nThe Library Management System should store the number of books available in the library and the activities occurring in the library. Additionally it should also store the details of the users who take the books.\n*****OUTPUT:***** There are no obvious mistakes in the described design for the Library Management System. However, it could be improved by providing some additional information or specifications, such as the specific details of user information that should be stored, as well as information about the specific activities that the system should track within the library. Additionally, the design could be improved by describing how the system would keep track of borrowed books or provide notifications for overdue returns.\n*****QUESTION:***** Does the output contain an explanation for the prediction?", "index": 518}, {"instruction": "Identify the mistakes (if any) in the library management system design below.", "input": "The Library Management System should store the number of books available in the library and the activities occurring in the library. Additionally it should also store the details of the users who take the books.", "output": "There are no obvious mistakes in the described design for the Library Management System. However, it could be improved by providing some additional information or specifications, such as the specific details of user information that should be stored, as well as information about the specific activities that the system should track within the library. Additionally, the design could be improved by describing how the system would keep track of borrowed books or provide notifications for overdue returns.", "all_data": "*****INSTRUCTION:***** Identify the mistakes (if any) in the library management system design below.\nThe Library Management System should store the number of books available in the library and the activities occurring in the library. Additionally it should also store the details of the users who take the books.\n*****OUTPUT:***** There are no obvious mistakes in the described design for the Library Management System. However, it could be improved by providing some additional information or specifications, such as the specific details of user information that should be stored, as well as information about the specific activities that the system should track within the library. Additionally, the design could be improved by describing how the system would keep track of borrowed books or provide notifications for overdue returns.\n*****QUESTION:***** Would you give an explanation/justify your reasoning if you were asked this question by a friend?", "index": 519}, {"instruction": "Identify the mistakes (if any) in the library management system design below.", "input": "The Library Management System should store the number of books available in the library and the activities occurring in the library. Additionally it should also store the details of the users who take the books.", "output": "There are no obvious mistakes in the described design for the Library Management System. However, it could be improved by providing some additional information or specifications, such as the specific details of user information that should be stored, as well as information about the specific activities that the system should track within the library. Additionally, the design could be improved by describing how the system would keep track of borrowed books or provide notifications for overdue returns.", "all_data": "*****INSTRUCTION:***** Identify the mistakes (if any) in the library management system design below.\nThe Library Management System should store the number of books available in the library and the activities occurring in the library. Additionally it should also store the details of the users who take the books.\n*****OUTPUT:***** There are no obvious mistakes in the described design for the Library Management System. However, it could be improved by providing some additional information or specifications, such as the specific details of user information that should be stored, as well as information about the specific activities that the system should track within the library. Additionally, the design could be improved by describing how the system would keep track of borrowed books or provide notifications for overdue returns.\n*****QUESTION:***** If there is an explanation: Does the explanation refer to commonsense concepts that are taken as given?", "index": 520}, {"instruction": "Identify the mistakes (if any) in the library management system design below.", "input": "The Library Management System should store the number of books available in the library and the activities occurring in the library. Additionally it should also store the details of the users who take the books.", "output": "There are no obvious mistakes in the described design for the Library Management System. However, it could be improved by providing some additional information or specifications, such as the specific details of user information that should be stored, as well as information about the specific activities that the system should track within the library. Additionally, the design could be improved by describing how the system would keep track of borrowed books or provide notifications for overdue returns.", "all_data": "*****INSTRUCTION:***** Identify the mistakes (if any) in the library management system design below.\nThe Library Management System should store the number of books available in the library and the activities occurring in the library. Additionally it should also store the details of the users who take the books.\n*****OUTPUT:***** There are no obvious mistakes in the described design for the Library Management System. However, it could be improved by providing some additional information or specifications, such as the specific details of user information that should be stored, as well as information about the specific activities that the system should track within the library. Additionally, the design could be improved by describing how the system would keep track of borrowed books or provide notifications for overdue returns.\n*****QUESTION:***** If there is an explanation: Does the explanation list contributing factors?", "index": 521}, {"instruction": "Identify the mistakes (if any) in the library management system design below.", "input": "The Library Management System should store the number of books available in the library and the activities occurring in the library. Additionally it should also store the details of the users who take the books.", "output": "There are no obvious mistakes in the described design for the Library Management System. However, it could be improved by providing some additional information or specifications, such as the specific details of user information that should be stored, as well as information about the specific activities that the system should track within the library. Additionally, the design could be improved by describing how the system would keep track of borrowed books or provide notifications for overdue returns.", "all_data": "*****INSTRUCTION:***** Identify the mistakes (if any) in the library management system design below.\nThe Library Management System should store the number of books available in the library and the activities occurring in the library. Additionally it should also store the details of the users who take the books.\n*****OUTPUT:***** There are no obvious mistakes in the described design for the Library Management System. However, it could be improved by providing some additional information or specifications, such as the specific details of user information that should be stored, as well as information about the specific activities that the system should track within the library. Additionally, the design could be improved by describing how the system would keep track of borrowed books or provide notifications for overdue returns.\n*****QUESTION:***** If there is an explanation: Does the explanation include subjective or biased criteria?", "index": 522}, {"instruction": "Identify the mistakes (if any) in the library management system design below.", "input": "The Library Management System should store the number of books available in the library and the activities occurring in the library. Additionally it should also store the details of the users who take the books.", "output": "There are no obvious mistakes in the described design for the Library Management System. However, it could be improved by providing some additional information or specifications, such as the specific details of user information that should be stored, as well as information about the specific activities that the system should track within the library. Additionally, the design could be improved by describing how the system would keep track of borrowed books or provide notifications for overdue returns.", "all_data": "*****INSTRUCTION:***** Identify the mistakes (if any) in the library management system design below.\nThe Library Management System should store the number of books available in the library and the activities occurring in the library. Additionally it should also store the details of the users who take the books.\n*****OUTPUT:***** There are no obvious mistakes in the described design for the Library Management System. However, it could be improved by providing some additional information or specifications, such as the specific details of user information that should be stored, as well as information about the specific activities that the system should track within the library. Additionally, the design could be improved by describing how the system would keep track of borrowed books or provide notifications for overdue returns.\n*****QUESTION:***** If there is an explanation: Does the explanation include illustrative elements (e.g. examples)?", "index": 523}, {"instruction": "Identify the mistakes (if any) in the library management system design below.", "input": "The Library Management System should store the number of books available in the library and the activities occurring in the library. Additionally it should also store the details of the users who take the books.", "output": "There are no obvious mistakes in the described design for the Library Management System. However, it could be improved by providing some additional information or specifications, such as the specific details of user information that should be stored, as well as information about the specific activities that the system should track within the library. Additionally, the design could be improved by describing how the system would keep track of borrowed books or provide notifications for overdue returns.", "all_data": "*****INSTRUCTION:***** Identify the mistakes (if any) in the library management system design below.\nThe Library Management System should store the number of books available in the library and the activities occurring in the library. Additionally it should also store the details of the users who take the books.\n*****OUTPUT:***** There are no obvious mistakes in the described design for the Library Management System. However, it could be improved by providing some additional information or specifications, such as the specific details of user information that should be stored, as well as information about the specific activities that the system should track within the library. Additionally, the design could be improved by describing how the system would keep track of borrowed books or provide notifications for overdue returns.\n*****QUESTION:***** If there is an explanation: Is the explanation misleading (e.g. arguing for a label that is wrong)?", "index": 524}, {"instruction": "Compare the two shipping methods below and provide which one should be used in a specific case:", "input": "Shipping Method A: 5-7 days, cost $10\nShipping Method B: 2-3 days, cost $20", "output": "When comparing these two shipping methods, it ultimately depends on the specific circumstances for which method is the most suitable choice. Shipping Method A offers a longer shipping time of 5-7 days at a lower cost of $10, while Shipping Method B provides faster delivery of 2-3 days at a higher cost of $20.\n\nIf the package being shipped is time-sensitive, such as perishable goods, or if the recipient needs the item urgently, then it would be best to use Shipping Method B, with its faster delivery time, despite the higher cost.\n\nOn the other hand, if the package is not time-sensitive and the recipient is willing to wait a bit longer for delivery, then Shipping Method A would be a more cost-effective option as it offers a lower shipping cost.", "all_data": "*****INSTRUCTION:***** Compare the two shipping methods below and provide which one should be used in a specific case:\nShipping Method A: 5-7 days, cost $10\nShipping Method B: 2-3 days, cost $20\n*****OUTPUT:***** When comparing these two shipping methods, it ultimately depends on the specific circumstances for which method is the most suitable choice. Shipping Method A offers a longer shipping time of 5-7 days at a lower cost of $10, while Shipping Method B provides faster delivery of 2-3 days at a higher cost of $20.\n\nIf the package being shipped is time-sensitive, such as perishable goods, or if the recipient needs the item urgently, then it would be best to use Shipping Method B, with its faster delivery time, despite the higher cost.\n\nOn the other hand, if the package is not time-sensitive and the recipient is willing to wait a bit longer for delivery, then Shipping Method A would be a more cost-effective option as it offers a lower shipping cost.\n*****QUESTION:***** Does the output contain an explanation for the prediction?", "index": 525}, {"instruction": "Compare the two shipping methods below and provide which one should be used in a specific case:", "input": "Shipping Method A: 5-7 days, cost $10\nShipping Method B: 2-3 days, cost $20", "output": "When comparing these two shipping methods, it ultimately depends on the specific circumstances for which method is the most suitable choice. Shipping Method A offers a longer shipping time of 5-7 days at a lower cost of $10, while Shipping Method B provides faster delivery of 2-3 days at a higher cost of $20.\n\nIf the package being shipped is time-sensitive, such as perishable goods, or if the recipient needs the item urgently, then it would be best to use Shipping Method B, with its faster delivery time, despite the higher cost.\n\nOn the other hand, if the package is not time-sensitive and the recipient is willing to wait a bit longer for delivery, then Shipping Method A would be a more cost-effective option as it offers a lower shipping cost.", "all_data": "*****INSTRUCTION:***** Compare the two shipping methods below and provide which one should be used in a specific case:\nShipping Method A: 5-7 days, cost $10\nShipping Method B: 2-3 days, cost $20\n*****OUTPUT:***** When comparing these two shipping methods, it ultimately depends on the specific circumstances for which method is the most suitable choice. Shipping Method A offers a longer shipping time of 5-7 days at a lower cost of $10, while Shipping Method B provides faster delivery of 2-3 days at a higher cost of $20.\n\nIf the package being shipped is time-sensitive, such as perishable goods, or if the recipient needs the item urgently, then it would be best to use Shipping Method B, with its faster delivery time, despite the higher cost.\n\nOn the other hand, if the package is not time-sensitive and the recipient is willing to wait a bit longer for delivery, then Shipping Method A would be a more cost-effective option as it offers a lower shipping cost.\n*****QUESTION:***** Would you give an explanation/justify your reasoning if you were asked this question by a friend?", "index": 526}, {"instruction": "Compare the two shipping methods below and provide which one should be used in a specific case:", "input": "Shipping Method A: 5-7 days, cost $10\nShipping Method B: 2-3 days, cost $20", "output": "When comparing these two shipping methods, it ultimately depends on the specific circumstances for which method is the most suitable choice. Shipping Method A offers a longer shipping time of 5-7 days at a lower cost of $10, while Shipping Method B provides faster delivery of 2-3 days at a higher cost of $20.\n\nIf the package being shipped is time-sensitive, such as perishable goods, or if the recipient needs the item urgently, then it would be best to use Shipping Method B, with its faster delivery time, despite the higher cost.\n\nOn the other hand, if the package is not time-sensitive and the recipient is willing to wait a bit longer for delivery, then Shipping Method A would be a more cost-effective option as it offers a lower shipping cost.", "all_data": "*****INSTRUCTION:***** Compare the two shipping methods below and provide which one should be used in a specific case:\nShipping Method A: 5-7 days, cost $10\nShipping Method B: 2-3 days, cost $20\n*****OUTPUT:***** When comparing these two shipping methods, it ultimately depends on the specific circumstances for which method is the most suitable choice. Shipping Method A offers a longer shipping time of 5-7 days at a lower cost of $10, while Shipping Method B provides faster delivery of 2-3 days at a higher cost of $20.\n\nIf the package being shipped is time-sensitive, such as perishable goods, or if the recipient needs the item urgently, then it would be best to use Shipping Method B, with its faster delivery time, despite the higher cost.\n\nOn the other hand, if the package is not time-sensitive and the recipient is willing to wait a bit longer for delivery, then Shipping Method A would be a more cost-effective option as it offers a lower shipping cost.\n*****QUESTION:***** If there is an explanation: Does the explanation refer to commonsense concepts that are taken as given?", "index": 527}, {"instruction": "Compare the two shipping methods below and provide which one should be used in a specific case:", "input": "Shipping Method A: 5-7 days, cost $10\nShipping Method B: 2-3 days, cost $20", "output": "When comparing these two shipping methods, it ultimately depends on the specific circumstances for which method is the most suitable choice. Shipping Method A offers a longer shipping time of 5-7 days at a lower cost of $10, while Shipping Method B provides faster delivery of 2-3 days at a higher cost of $20.\n\nIf the package being shipped is time-sensitive, such as perishable goods, or if the recipient needs the item urgently, then it would be best to use Shipping Method B, with its faster delivery time, despite the higher cost.\n\nOn the other hand, if the package is not time-sensitive and the recipient is willing to wait a bit longer for delivery, then Shipping Method A would be a more cost-effective option as it offers a lower shipping cost.", "all_data": "*****INSTRUCTION:***** Compare the two shipping methods below and provide which one should be used in a specific case:\nShipping Method A: 5-7 days, cost $10\nShipping Method B: 2-3 days, cost $20\n*****OUTPUT:***** When comparing these two shipping methods, it ultimately depends on the specific circumstances for which method is the most suitable choice. Shipping Method A offers a longer shipping time of 5-7 days at a lower cost of $10, while Shipping Method B provides faster delivery of 2-3 days at a higher cost of $20.\n\nIf the package being shipped is time-sensitive, such as perishable goods, or if the recipient needs the item urgently, then it would be best to use Shipping Method B, with its faster delivery time, despite the higher cost.\n\nOn the other hand, if the package is not time-sensitive and the recipient is willing to wait a bit longer for delivery, then Shipping Method A would be a more cost-effective option as it offers a lower shipping cost.\n*****QUESTION:***** If there is an explanation: Does the explanation list contributing factors?", "index": 528}, {"instruction": "Compare the two shipping methods below and provide which one should be used in a specific case:", "input": "Shipping Method A: 5-7 days, cost $10\nShipping Method B: 2-3 days, cost $20", "output": "When comparing these two shipping methods, it ultimately depends on the specific circumstances for which method is the most suitable choice. Shipping Method A offers a longer shipping time of 5-7 days at a lower cost of $10, while Shipping Method B provides faster delivery of 2-3 days at a higher cost of $20.\n\nIf the package being shipped is time-sensitive, such as perishable goods, or if the recipient needs the item urgently, then it would be best to use Shipping Method B, with its faster delivery time, despite the higher cost.\n\nOn the other hand, if the package is not time-sensitive and the recipient is willing to wait a bit longer for delivery, then Shipping Method A would be a more cost-effective option as it offers a lower shipping cost.", "all_data": "*****INSTRUCTION:***** Compare the two shipping methods below and provide which one should be used in a specific case:\nShipping Method A: 5-7 days, cost $10\nShipping Method B: 2-3 days, cost $20\n*****OUTPUT:***** When comparing these two shipping methods, it ultimately depends on the specific circumstances for which method is the most suitable choice. Shipping Method A offers a longer shipping time of 5-7 days at a lower cost of $10, while Shipping Method B provides faster delivery of 2-3 days at a higher cost of $20.\n\nIf the package being shipped is time-sensitive, such as perishable goods, or if the recipient needs the item urgently, then it would be best to use Shipping Method B, with its faster delivery time, despite the higher cost.\n\nOn the other hand, if the package is not time-sensitive and the recipient is willing to wait a bit longer for delivery, then Shipping Method A would be a more cost-effective option as it offers a lower shipping cost.\n*****QUESTION:***** If there is an explanation: Does the explanation include subjective or biased criteria?", "index": 529}, {"instruction": "Compare the two shipping methods below and provide which one should be used in a specific case:", "input": "Shipping Method A: 5-7 days, cost $10\nShipping Method B: 2-3 days, cost $20", "output": "When comparing these two shipping methods, it ultimately depends on the specific circumstances for which method is the most suitable choice. Shipping Method A offers a longer shipping time of 5-7 days at a lower cost of $10, while Shipping Method B provides faster delivery of 2-3 days at a higher cost of $20.\n\nIf the package being shipped is time-sensitive, such as perishable goods, or if the recipient needs the item urgently, then it would be best to use Shipping Method B, with its faster delivery time, despite the higher cost.\n\nOn the other hand, if the package is not time-sensitive and the recipient is willing to wait a bit longer for delivery, then Shipping Method A would be a more cost-effective option as it offers a lower shipping cost.", "all_data": "*****INSTRUCTION:***** Compare the two shipping methods below and provide which one should be used in a specific case:\nShipping Method A: 5-7 days, cost $10\nShipping Method B: 2-3 days, cost $20\n*****OUTPUT:***** When comparing these two shipping methods, it ultimately depends on the specific circumstances for which method is the most suitable choice. Shipping Method A offers a longer shipping time of 5-7 days at a lower cost of $10, while Shipping Method B provides faster delivery of 2-3 days at a higher cost of $20.\n\nIf the package being shipped is time-sensitive, such as perishable goods, or if the recipient needs the item urgently, then it would be best to use Shipping Method B, with its faster delivery time, despite the higher cost.\n\nOn the other hand, if the package is not time-sensitive and the recipient is willing to wait a bit longer for delivery, then Shipping Method A would be a more cost-effective option as it offers a lower shipping cost.\n*****QUESTION:***** If there is an explanation: Does the explanation include illustrative elements (e.g. examples)?", "index": 530}, {"instruction": "Compare the two shipping methods below and provide which one should be used in a specific case:", "input": "Shipping Method A: 5-7 days, cost $10\nShipping Method B: 2-3 days, cost $20", "output": "When comparing these two shipping methods, it ultimately depends on the specific circumstances for which method is the most suitable choice. Shipping Method A offers a longer shipping time of 5-7 days at a lower cost of $10, while Shipping Method B provides faster delivery of 2-3 days at a higher cost of $20.\n\nIf the package being shipped is time-sensitive, such as perishable goods, or if the recipient needs the item urgently, then it would be best to use Shipping Method B, with its faster delivery time, despite the higher cost.\n\nOn the other hand, if the package is not time-sensitive and the recipient is willing to wait a bit longer for delivery, then Shipping Method A would be a more cost-effective option as it offers a lower shipping cost.", "all_data": "*****INSTRUCTION:***** Compare the two shipping methods below and provide which one should be used in a specific case:\nShipping Method A: 5-7 days, cost $10\nShipping Method B: 2-3 days, cost $20\n*****OUTPUT:***** When comparing these two shipping methods, it ultimately depends on the specific circumstances for which method is the most suitable choice. Shipping Method A offers a longer shipping time of 5-7 days at a lower cost of $10, while Shipping Method B provides faster delivery of 2-3 days at a higher cost of $20.\n\nIf the package being shipped is time-sensitive, such as perishable goods, or if the recipient needs the item urgently, then it would be best to use Shipping Method B, with its faster delivery time, despite the higher cost.\n\nOn the other hand, if the package is not time-sensitive and the recipient is willing to wait a bit longer for delivery, then Shipping Method A would be a more cost-effective option as it offers a lower shipping cost.\n*****QUESTION:***** If there is an explanation: Is the explanation misleading (e.g. arguing for a label that is wrong)?", "index": 531}, {"instruction": "What is the result of 17*14, expressed as a decimal?", "input": "", "output": "The result of multiplying 17 by 14, expressed as a decimal, is 238.0.", "all_data": "*****INSTRUCTION:***** What is the result of 17*14, expressed as a decimal?\n\n*****OUTPUT:***** The result of multiplying 17 by 14, expressed as a decimal, is 238.0.\n*****QUESTION:***** Does the output contain an explanation for the prediction?", "index": 532}, {"instruction": "What is the result of 17*14, expressed as a decimal?", "input": "", "output": "The result of multiplying 17 by 14, expressed as a decimal, is 238.0.", "all_data": "*****INSTRUCTION:***** What is the result of 17*14, expressed as a decimal?\n\n*****OUTPUT:***** The result of multiplying 17 by 14, expressed as a decimal, is 238.0.\n*****QUESTION:***** Would you give an explanation/justify your reasoning if you were asked this question by a friend?", "index": 533}, {"instruction": "What is the result of 17*14, expressed as a decimal?", "input": "", "output": "The result of multiplying 17 by 14, expressed as a decimal, is 238.0.", "all_data": "*****INSTRUCTION:***** What is the result of 17*14, expressed as a decimal?\n\n*****OUTPUT:***** The result of multiplying 17 by 14, expressed as a decimal, is 238.0.\n*****QUESTION:***** If there is an explanation: Does the explanation refer to commonsense concepts that are taken as given?", "index": 534}, {"instruction": "What is the result of 17*14, expressed as a decimal?", "input": "", "output": "The result of multiplying 17 by 14, expressed as a decimal, is 238.0.", "all_data": "*****INSTRUCTION:***** What is the result of 17*14, expressed as a decimal?\n\n*****OUTPUT:***** The result of multiplying 17 by 14, expressed as a decimal, is 238.0.\n*****QUESTION:***** If there is an explanation: Does the explanation list contributing factors?", "index": 535}, {"instruction": "What is the result of 17*14, expressed as a decimal?", "input": "", "output": "The result of multiplying 17 by 14, expressed as a decimal, is 238.0.", "all_data": "*****INSTRUCTION:***** What is the result of 17*14, expressed as a decimal?\n\n*****OUTPUT:***** The result of multiplying 17 by 14, expressed as a decimal, is 238.0.\n*****QUESTION:***** If there is an explanation: Does the explanation include subjective or biased criteria?", "index": 536}, {"instruction": "What is the result of 17*14, expressed as a decimal?", "input": "", "output": "The result of multiplying 17 by 14, expressed as a decimal, is 238.0.", "all_data": "*****INSTRUCTION:***** What is the result of 17*14, expressed as a decimal?\n\n*****OUTPUT:***** The result of multiplying 17 by 14, expressed as a decimal, is 238.0.\n*****QUESTION:***** If there is an explanation: Does the explanation include illustrative elements (e.g. examples)?", "index": 537}, {"instruction": "What is the result of 17*14, expressed as a decimal?", "input": "", "output": "The result of multiplying 17 by 14, expressed as a decimal, is 238.0.", "all_data": "*****INSTRUCTION:***** What is the result of 17*14, expressed as a decimal?\n\n*****OUTPUT:***** The result of multiplying 17 by 14, expressed as a decimal, is 238.0.\n*****QUESTION:***** If there is an explanation: Is the explanation misleading (e.g. arguing for a label that is wrong)?", "index": 538}, {"instruction": "Given two numerical values, calculate the percentage increase.", "input": "Original value: 200\nNew Value: 300", "output": "The percentage increase from an original value of 200 to a new value of 300 is 50%. \n\nHere's how the calculation is done:\n- The absolute increase is calculated by subtracting the original value from the new value (300 - 200 = 100).\n- The percentage increase is then calculated by dividing the absolute increase (100) by the original value (200) and multiplying by 100 to get a percentage: (100/200) * 100 = 50%.", "all_data": "*****INSTRUCTION:***** Given two numerical values, calculate the percentage increase.\nOriginal value: 200\nNew Value: 300\n*****OUTPUT:***** The percentage increase from an original value of 200 to a new value of 300 is 50%. \n\nHere's how the calculation is done:\n- The absolute increase is calculated by subtracting the original value from the new value (300 - 200 = 100).\n- The percentage increase is then calculated by dividing the absolute increase (100) by the original value (200) and multiplying by 100 to get a percentage: (100/200) * 100 = 50%.\n*****QUESTION:***** Does the output contain an explanation for the prediction?", "index": 539}, {"instruction": "Given two numerical values, calculate the percentage increase.", "input": "Original value: 200\nNew Value: 300", "output": "The percentage increase from an original value of 200 to a new value of 300 is 50%. \n\nHere's how the calculation is done:\n- The absolute increase is calculated by subtracting the original value from the new value (300 - 200 = 100).\n- The percentage increase is then calculated by dividing the absolute increase (100) by the original value (200) and multiplying by 100 to get a percentage: (100/200) * 100 = 50%.", "all_data": "*****INSTRUCTION:***** Given two numerical values, calculate the percentage increase.\nOriginal value: 200\nNew Value: 300\n*****OUTPUT:***** The percentage increase from an original value of 200 to a new value of 300 is 50%. \n\nHere's how the calculation is done:\n- The absolute increase is calculated by subtracting the original value from the new value (300 - 200 = 100).\n- The percentage increase is then calculated by dividing the absolute increase (100) by the original value (200) and multiplying by 100 to get a percentage: (100/200) * 100 = 50%.\n*****QUESTION:***** Would you give an explanation/justify your reasoning if you were asked this question by a friend?", "index": 540}, {"instruction": "Given two numerical values, calculate the percentage increase.", "input": "Original value: 200\nNew Value: 300", "output": "The percentage increase from an original value of 200 to a new value of 300 is 50%. \n\nHere's how the calculation is done:\n- The absolute increase is calculated by subtracting the original value from the new value (300 - 200 = 100).\n- The percentage increase is then calculated by dividing the absolute increase (100) by the original value (200) and multiplying by 100 to get a percentage: (100/200) * 100 = 50%.", "all_data": "*****INSTRUCTION:***** Given two numerical values, calculate the percentage increase.\nOriginal value: 200\nNew Value: 300\n*****OUTPUT:***** The percentage increase from an original value of 200 to a new value of 300 is 50%. \n\nHere's how the calculation is done:\n- The absolute increase is calculated by subtracting the original value from the new value (300 - 200 = 100).\n- The percentage increase is then calculated by dividing the absolute increase (100) by the original value (200) and multiplying by 100 to get a percentage: (100/200) * 100 = 50%.\n*****QUESTION:***** If there is an explanation: Does the explanation refer to commonsense concepts that are taken as given?", "index": 541}, {"instruction": "Given two numerical values, calculate the percentage increase.", "input": "Original value: 200\nNew Value: 300", "output": "The percentage increase from an original value of 200 to a new value of 300 is 50%. \n\nHere's how the calculation is done:\n- The absolute increase is calculated by subtracting the original value from the new value (300 - 200 = 100).\n- The percentage increase is then calculated by dividing the absolute increase (100) by the original value (200) and multiplying by 100 to get a percentage: (100/200) * 100 = 50%.", "all_data": "*****INSTRUCTION:***** Given two numerical values, calculate the percentage increase.\nOriginal value: 200\nNew Value: 300\n*****OUTPUT:***** The percentage increase from an original value of 200 to a new value of 300 is 50%. \n\nHere's how the calculation is done:\n- The absolute increase is calculated by subtracting the original value from the new value (300 - 200 = 100).\n- The percentage increase is then calculated by dividing the absolute increase (100) by the original value (200) and multiplying by 100 to get a percentage: (100/200) * 100 = 50%.\n*****QUESTION:***** If there is an explanation: Does the explanation list contributing factors?", "index": 542}, {"instruction": "Given two numerical values, calculate the percentage increase.", "input": "Original value: 200\nNew Value: 300", "output": "The percentage increase from an original value of 200 to a new value of 300 is 50%. \n\nHere's how the calculation is done:\n- The absolute increase is calculated by subtracting the original value from the new value (300 - 200 = 100).\n- The percentage increase is then calculated by dividing the absolute increase (100) by the original value (200) and multiplying by 100 to get a percentage: (100/200) * 100 = 50%.", "all_data": "*****INSTRUCTION:***** Given two numerical values, calculate the percentage increase.\nOriginal value: 200\nNew Value: 300\n*****OUTPUT:***** The percentage increase from an original value of 200 to a new value of 300 is 50%. \n\nHere's how the calculation is done:\n- The absolute increase is calculated by subtracting the original value from the new value (300 - 200 = 100).\n- The percentage increase is then calculated by dividing the absolute increase (100) by the original value (200) and multiplying by 100 to get a percentage: (100/200) * 100 = 50%.\n*****QUESTION:***** If there is an explanation: Does the explanation include subjective or biased criteria?", "index": 543}, {"instruction": "Given two numerical values, calculate the percentage increase.", "input": "Original value: 200\nNew Value: 300", "output": "The percentage increase from an original value of 200 to a new value of 300 is 50%. \n\nHere's how the calculation is done:\n- The absolute increase is calculated by subtracting the original value from the new value (300 - 200 = 100).\n- The percentage increase is then calculated by dividing the absolute increase (100) by the original value (200) and multiplying by 100 to get a percentage: (100/200) * 100 = 50%.", "all_data": "*****INSTRUCTION:***** Given two numerical values, calculate the percentage increase.\nOriginal value: 200\nNew Value: 300\n*****OUTPUT:***** The percentage increase from an original value of 200 to a new value of 300 is 50%. \n\nHere's how the calculation is done:\n- The absolute increase is calculated by subtracting the original value from the new value (300 - 200 = 100).\n- The percentage increase is then calculated by dividing the absolute increase (100) by the original value (200) and multiplying by 100 to get a percentage: (100/200) * 100 = 50%.\n*****QUESTION:***** If there is an explanation: Does the explanation include illustrative elements (e.g. examples)?", "index": 544}, {"instruction": "Given two numerical values, calculate the percentage increase.", "input": "Original value: 200\nNew Value: 300", "output": "The percentage increase from an original value of 200 to a new value of 300 is 50%. \n\nHere's how the calculation is done:\n- The absolute increase is calculated by subtracting the original value from the new value (300 - 200 = 100).\n- The percentage increase is then calculated by dividing the absolute increase (100) by the original value (200) and multiplying by 100 to get a percentage: (100/200) * 100 = 50%.", "all_data": "*****INSTRUCTION:***** Given two numerical values, calculate the percentage increase.\nOriginal value: 200\nNew Value: 300\n*****OUTPUT:***** The percentage increase from an original value of 200 to a new value of 300 is 50%. \n\nHere's how the calculation is done:\n- The absolute increase is calculated by subtracting the original value from the new value (300 - 200 = 100).\n- The percentage increase is then calculated by dividing the absolute increase (100) by the original value (200) and multiplying by 100 to get a percentage: (100/200) * 100 = 50%.\n*****QUESTION:***** If there is an explanation: Is the explanation misleading (e.g. arguing for a label that is wrong)?", "index": 545}, {"instruction": "Write code to display all the prime numbers from 1 to 100", "input": "", "output": "```python\nfor num in range(1, 101):\n    if num > 1:\n        for i in range(2, num):\n            if (num % i) == 0:\n                break\n        else:\n            print(num)\n```", "all_data": "*****INSTRUCTION:***** Write code to display all the prime numbers from 1 to 100\n\n*****OUTPUT:***** ```python\nfor num in range(1, 101):\n    if num > 1:\n        for i in range(2, num):\n            if (num % i) == 0:\n                break\n        else:\n            print(num)\n```\n*****QUESTION:***** Does the output contain an explanation for the prediction?", "index": 546}, {"instruction": "Write code to display all the prime numbers from 1 to 100", "input": "", "output": "```python\nfor num in range(1, 101):\n    if num > 1:\n        for i in range(2, num):\n            if (num % i) == 0:\n                break\n        else:\n            print(num)\n```", "all_data": "*****INSTRUCTION:***** Write code to display all the prime numbers from 1 to 100\n\n*****OUTPUT:***** ```python\nfor num in range(1, 101):\n    if num > 1:\n        for i in range(2, num):\n            if (num % i) == 0:\n                break\n        else:\n            print(num)\n```\n*****QUESTION:***** Would you give an explanation/justify your reasoning if you were asked this question by a friend?", "index": 547}, {"instruction": "Write code to display all the prime numbers from 1 to 100", "input": "", "output": "```python\nfor num in range(1, 101):\n    if num > 1:\n        for i in range(2, num):\n            if (num % i) == 0:\n                break\n        else:\n            print(num)\n```", "all_data": "*****INSTRUCTION:***** Write code to display all the prime numbers from 1 to 100\n\n*****OUTPUT:***** ```python\nfor num in range(1, 101):\n    if num > 1:\n        for i in range(2, num):\n            if (num % i) == 0:\n                break\n        else:\n            print(num)\n```\n*****QUESTION:***** If there is an explanation: Does the explanation refer to commonsense concepts that are taken as given?", "index": 548}, {"instruction": "Write code to display all the prime numbers from 1 to 100", "input": "", "output": "```python\nfor num in range(1, 101):\n    if num > 1:\n        for i in range(2, num):\n            if (num % i) == 0:\n                break\n        else:\n            print(num)\n```", "all_data": "*****INSTRUCTION:***** Write code to display all the prime numbers from 1 to 100\n\n*****OUTPUT:***** ```python\nfor num in range(1, 101):\n    if num > 1:\n        for i in range(2, num):\n            if (num % i) == 0:\n                break\n        else:\n            print(num)\n```\n*****QUESTION:***** If there is an explanation: Does the explanation list contributing factors?", "index": 549}, {"instruction": "Write code to display all the prime numbers from 1 to 100", "input": "", "output": "```python\nfor num in range(1, 101):\n    if num > 1:\n        for i in range(2, num):\n            if (num % i) == 0:\n                break\n        else:\n            print(num)\n```", "all_data": "*****INSTRUCTION:***** Write code to display all the prime numbers from 1 to 100\n\n*****OUTPUT:***** ```python\nfor num in range(1, 101):\n    if num > 1:\n        for i in range(2, num):\n            if (num % i) == 0:\n                break\n        else:\n            print(num)\n```\n*****QUESTION:***** If there is an explanation: Does the explanation include subjective or biased criteria?", "index": 550}, {"instruction": "Write code to display all the prime numbers from 1 to 100", "input": "", "output": "```python\nfor num in range(1, 101):\n    if num > 1:\n        for i in range(2, num):\n            if (num % i) == 0:\n                break\n        else:\n            print(num)\n```", "all_data": "*****INSTRUCTION:***** Write code to display all the prime numbers from 1 to 100\n\n*****OUTPUT:***** ```python\nfor num in range(1, 101):\n    if num > 1:\n        for i in range(2, num):\n            if (num % i) == 0:\n                break\n        else:\n            print(num)\n```\n*****QUESTION:***** If there is an explanation: Does the explanation include illustrative elements (e.g. examples)?", "index": 551}, {"instruction": "Write code to display all the prime numbers from 1 to 100", "input": "", "output": "```python\nfor num in range(1, 101):\n    if num > 1:\n        for i in range(2, num):\n            if (num % i) == 0:\n                break\n        else:\n            print(num)\n```", "all_data": "*****INSTRUCTION:***** Write code to display all the prime numbers from 1 to 100\n\n*****OUTPUT:***** ```python\nfor num in range(1, 101):\n    if num > 1:\n        for i in range(2, num):\n            if (num % i) == 0:\n                break\n        else:\n            print(num)\n```\n*****QUESTION:***** If there is an explanation: Is the explanation misleading (e.g. arguing for a label that is wrong)?", "index": 552}, {"instruction": "Convert 30 kilometers per hour to meters per second.", "input": "", "output": "To convert kilometers per hour to meters per second, you use the conversion factor `1000 meters / 1 kilometer`, and the time conversion `1 hour / 60 minutes` and `1 minute / 60 seconds`. Multiplying 30 kilometers per hour by these conversion factors, we get:\n\n```\n30 kilometers per hour * (1000 meters / 1 kilometer) * (1 hour / 60 minutes) * (1 minute / 60 seconds) = 8.33 meters per second.\n```\n\nThus, 30 kilometers per hour is equivalent to approximately 8.33 meters per second.", "all_data": "*****INSTRUCTION:***** Convert 30 kilometers per hour to meters per second.\n\n*****OUTPUT:***** To convert kilometers per hour to meters per second, you use the conversion factor `1000 meters / 1 kilometer`, and the time conversion `1 hour / 60 minutes` and `1 minute / 60 seconds`. Multiplying 30 kilometers per hour by these conversion factors, we get:\n\n```\n30 kilometers per hour * (1000 meters / 1 kilometer) * (1 hour / 60 minutes) * (1 minute / 60 seconds) = 8.33 meters per second.\n```\n\nThus, 30 kilometers per hour is equivalent to approximately 8.33 meters per second.\n*****QUESTION:***** Does the output contain an explanation for the prediction?", "index": 553}, {"instruction": "Convert 30 kilometers per hour to meters per second.", "input": "", "output": "To convert kilometers per hour to meters per second, you use the conversion factor `1000 meters / 1 kilometer`, and the time conversion `1 hour / 60 minutes` and `1 minute / 60 seconds`. Multiplying 30 kilometers per hour by these conversion factors, we get:\n\n```\n30 kilometers per hour * (1000 meters / 1 kilometer) * (1 hour / 60 minutes) * (1 minute / 60 seconds) = 8.33 meters per second.\n```\n\nThus, 30 kilometers per hour is equivalent to approximately 8.33 meters per second.", "all_data": "*****INSTRUCTION:***** Convert 30 kilometers per hour to meters per second.\n\n*****OUTPUT:***** To convert kilometers per hour to meters per second, you use the conversion factor `1000 meters / 1 kilometer`, and the time conversion `1 hour / 60 minutes` and `1 minute / 60 seconds`. Multiplying 30 kilometers per hour by these conversion factors, we get:\n\n```\n30 kilometers per hour * (1000 meters / 1 kilometer) * (1 hour / 60 minutes) * (1 minute / 60 seconds) = 8.33 meters per second.\n```\n\nThus, 30 kilometers per hour is equivalent to approximately 8.33 meters per second.\n*****QUESTION:***** Would you give an explanation/justify your reasoning if you were asked this question by a friend?", "index": 554}, {"instruction": "Convert 30 kilometers per hour to meters per second.", "input": "", "output": "To convert kilometers per hour to meters per second, you use the conversion factor `1000 meters / 1 kilometer`, and the time conversion `1 hour / 60 minutes` and `1 minute / 60 seconds`. Multiplying 30 kilometers per hour by these conversion factors, we get:\n\n```\n30 kilometers per hour * (1000 meters / 1 kilometer) * (1 hour / 60 minutes) * (1 minute / 60 seconds) = 8.33 meters per second.\n```\n\nThus, 30 kilometers per hour is equivalent to approximately 8.33 meters per second.", "all_data": "*****INSTRUCTION:***** Convert 30 kilometers per hour to meters per second.\n\n*****OUTPUT:***** To convert kilometers per hour to meters per second, you use the conversion factor `1000 meters / 1 kilometer`, and the time conversion `1 hour / 60 minutes` and `1 minute / 60 seconds`. Multiplying 30 kilometers per hour by these conversion factors, we get:\n\n```\n30 kilometers per hour * (1000 meters / 1 kilometer) * (1 hour / 60 minutes) * (1 minute / 60 seconds) = 8.33 meters per second.\n```\n\nThus, 30 kilometers per hour is equivalent to approximately 8.33 meters per second.\n*****QUESTION:***** If there is an explanation: Does the explanation refer to commonsense concepts that are taken as given?", "index": 555}, {"instruction": "Convert 30 kilometers per hour to meters per second.", "input": "", "output": "To convert kilometers per hour to meters per second, you use the conversion factor `1000 meters / 1 kilometer`, and the time conversion `1 hour / 60 minutes` and `1 minute / 60 seconds`. Multiplying 30 kilometers per hour by these conversion factors, we get:\n\n```\n30 kilometers per hour * (1000 meters / 1 kilometer) * (1 hour / 60 minutes) * (1 minute / 60 seconds) = 8.33 meters per second.\n```\n\nThus, 30 kilometers per hour is equivalent to approximately 8.33 meters per second.", "all_data": "*****INSTRUCTION:***** Convert 30 kilometers per hour to meters per second.\n\n*****OUTPUT:***** To convert kilometers per hour to meters per second, you use the conversion factor `1000 meters / 1 kilometer`, and the time conversion `1 hour / 60 minutes` and `1 minute / 60 seconds`. Multiplying 30 kilometers per hour by these conversion factors, we get:\n\n```\n30 kilometers per hour * (1000 meters / 1 kilometer) * (1 hour / 60 minutes) * (1 minute / 60 seconds) = 8.33 meters per second.\n```\n\nThus, 30 kilometers per hour is equivalent to approximately 8.33 meters per second.\n*****QUESTION:***** If there is an explanation: Does the explanation list contributing factors?", "index": 556}, {"instruction": "Convert 30 kilometers per hour to meters per second.", "input": "", "output": "To convert kilometers per hour to meters per second, you use the conversion factor `1000 meters / 1 kilometer`, and the time conversion `1 hour / 60 minutes` and `1 minute / 60 seconds`. Multiplying 30 kilometers per hour by these conversion factors, we get:\n\n```\n30 kilometers per hour * (1000 meters / 1 kilometer) * (1 hour / 60 minutes) * (1 minute / 60 seconds) = 8.33 meters per second.\n```\n\nThus, 30 kilometers per hour is equivalent to approximately 8.33 meters per second.", "all_data": "*****INSTRUCTION:***** Convert 30 kilometers per hour to meters per second.\n\n*****OUTPUT:***** To convert kilometers per hour to meters per second, you use the conversion factor `1000 meters / 1 kilometer`, and the time conversion `1 hour / 60 minutes` and `1 minute / 60 seconds`. Multiplying 30 kilometers per hour by these conversion factors, we get:\n\n```\n30 kilometers per hour * (1000 meters / 1 kilometer) * (1 hour / 60 minutes) * (1 minute / 60 seconds) = 8.33 meters per second.\n```\n\nThus, 30 kilometers per hour is equivalent to approximately 8.33 meters per second.\n*****QUESTION:***** If there is an explanation: Does the explanation include subjective or biased criteria?", "index": 557}, {"instruction": "Convert 30 kilometers per hour to meters per second.", "input": "", "output": "To convert kilometers per hour to meters per second, you use the conversion factor `1000 meters / 1 kilometer`, and the time conversion `1 hour / 60 minutes` and `1 minute / 60 seconds`. Multiplying 30 kilometers per hour by these conversion factors, we get:\n\n```\n30 kilometers per hour * (1000 meters / 1 kilometer) * (1 hour / 60 minutes) * (1 minute / 60 seconds) = 8.33 meters per second.\n```\n\nThus, 30 kilometers per hour is equivalent to approximately 8.33 meters per second.", "all_data": "*****INSTRUCTION:***** Convert 30 kilometers per hour to meters per second.\n\n*****OUTPUT:***** To convert kilometers per hour to meters per second, you use the conversion factor `1000 meters / 1 kilometer`, and the time conversion `1 hour / 60 minutes` and `1 minute / 60 seconds`. Multiplying 30 kilometers per hour by these conversion factors, we get:\n\n```\n30 kilometers per hour * (1000 meters / 1 kilometer) * (1 hour / 60 minutes) * (1 minute / 60 seconds) = 8.33 meters per second.\n```\n\nThus, 30 kilometers per hour is equivalent to approximately 8.33 meters per second.\n*****QUESTION:***** If there is an explanation: Does the explanation include illustrative elements (e.g. examples)?", "index": 558}, {"instruction": "Convert 30 kilometers per hour to meters per second.", "input": "", "output": "To convert kilometers per hour to meters per second, you use the conversion factor `1000 meters / 1 kilometer`, and the time conversion `1 hour / 60 minutes` and `1 minute / 60 seconds`. Multiplying 30 kilometers per hour by these conversion factors, we get:\n\n```\n30 kilometers per hour * (1000 meters / 1 kilometer) * (1 hour / 60 minutes) * (1 minute / 60 seconds) = 8.33 meters per second.\n```\n\nThus, 30 kilometers per hour is equivalent to approximately 8.33 meters per second.", "all_data": "*****INSTRUCTION:***** Convert 30 kilometers per hour to meters per second.\n\n*****OUTPUT:***** To convert kilometers per hour to meters per second, you use the conversion factor `1000 meters / 1 kilometer`, and the time conversion `1 hour / 60 minutes` and `1 minute / 60 seconds`. Multiplying 30 kilometers per hour by these conversion factors, we get:\n\n```\n30 kilometers per hour * (1000 meters / 1 kilometer) * (1 hour / 60 minutes) * (1 minute / 60 seconds) = 8.33 meters per second.\n```\n\nThus, 30 kilometers per hour is equivalent to approximately 8.33 meters per second.\n*****QUESTION:***** If there is an explanation: Is the explanation misleading (e.g. arguing for a label that is wrong)?", "index": 559}, {"instruction": "Classify the following text as a news article, review, or opinion.", "input": "This new restaurant deserves a 5 star rating!", "output": "Review", "all_data": "*****INSTRUCTION:***** Classify the following text as a news article, review, or opinion.\nThis new restaurant deserves a 5 star rating!\n*****OUTPUT:***** Review\n*****QUESTION:***** Does the output contain an explanation for the prediction?", "index": 560}, {"instruction": "Classify the following text as a news article, review, or opinion.", "input": "This new restaurant deserves a 5 star rating!", "output": "Review", "all_data": "*****INSTRUCTION:***** Classify the following text as a news article, review, or opinion.\nThis new restaurant deserves a 5 star rating!\n*****OUTPUT:***** Review\n*****QUESTION:***** Would you give an explanation/justify your reasoning if you were asked this question by a friend?", "index": 561}, {"instruction": "Classify the following text as a news article, review, or opinion.", "input": "This new restaurant deserves a 5 star rating!", "output": "Review", "all_data": "*****INSTRUCTION:***** Classify the following text as a news article, review, or opinion.\nThis new restaurant deserves a 5 star rating!\n*****OUTPUT:***** Review\n*****QUESTION:***** If there is an explanation: Does the explanation refer to commonsense concepts that are taken as given?", "index": 562}, {"instruction": "Classify the following text as a news article, review, or opinion.", "input": "This new restaurant deserves a 5 star rating!", "output": "Review", "all_data": "*****INSTRUCTION:***** Classify the following text as a news article, review, or opinion.\nThis new restaurant deserves a 5 star rating!\n*****OUTPUT:***** Review\n*****QUESTION:***** If there is an explanation: Does the explanation list contributing factors?", "index": 563}, {"instruction": "Classify the following text as a news article, review, or opinion.", "input": "This new restaurant deserves a 5 star rating!", "output": "Review", "all_data": "*****INSTRUCTION:***** Classify the following text as a news article, review, or opinion.\nThis new restaurant deserves a 5 star rating!\n*****OUTPUT:***** Review\n*****QUESTION:***** If there is an explanation: Does the explanation include subjective or biased criteria?", "index": 564}, {"instruction": "Classify the following text as a news article, review, or opinion.", "input": "This new restaurant deserves a 5 star rating!", "output": "Review", "all_data": "*****INSTRUCTION:***** Classify the following text as a news article, review, or opinion.\nThis new restaurant deserves a 5 star rating!\n*****OUTPUT:***** Review\n*****QUESTION:***** If there is an explanation: Does the explanation include illustrative elements (e.g. examples)?", "index": 565}, {"instruction": "Classify the following text as a news article, review, or opinion.", "input": "This new restaurant deserves a 5 star rating!", "output": "Review", "all_data": "*****INSTRUCTION:***** Classify the following text as a news article, review, or opinion.\nThis new restaurant deserves a 5 star rating!\n*****OUTPUT:***** Review\n*****QUESTION:***** If there is an explanation: Is the explanation misleading (e.g. arguing for a label that is wrong)?", "index": 566}, {"instruction": "What is the ideal length of a blog post?", "input": "", "output": "The ideal length of a blog post can vary depending on the topic, audience, and purpose of the content. In general, longer blog posts - around 1,600 words or 7 minutes to read - tend to perform better in search engine results and receive more engagement from readers. However, shorter blog posts, around 800 to 1,200 words, can still be effective if the content is high-quality and provides value to the reader. It's important to focus on creating comprehensive and valuable content for your audience, rather than aiming for a specific word count. Ultimately, the ideal length of a blog post is determined by the depth of the topic and the value it provides to the reader.", "all_data": "*****INSTRUCTION:***** What is the ideal length of a blog post?\n\n*****OUTPUT:***** The ideal length of a blog post can vary depending on the topic, audience, and purpose of the content. In general, longer blog posts - around 1,600 words or 7 minutes to read - tend to perform better in search engine results and receive more engagement from readers. However, shorter blog posts, around 800 to 1,200 words, can still be effective if the content is high-quality and provides value to the reader. It's important to focus on creating comprehensive and valuable content for your audience, rather than aiming for a specific word count. Ultimately, the ideal length of a blog post is determined by the depth of the topic and the value it provides to the reader.\n*****QUESTION:***** Does the output contain an explanation for the prediction?", "index": 567}, {"instruction": "What is the ideal length of a blog post?", "input": "", "output": "The ideal length of a blog post can vary depending on the topic, audience, and purpose of the content. In general, longer blog posts - around 1,600 words or 7 minutes to read - tend to perform better in search engine results and receive more engagement from readers. However, shorter blog posts, around 800 to 1,200 words, can still be effective if the content is high-quality and provides value to the reader. It's important to focus on creating comprehensive and valuable content for your audience, rather than aiming for a specific word count. Ultimately, the ideal length of a blog post is determined by the depth of the topic and the value it provides to the reader.", "all_data": "*****INSTRUCTION:***** What is the ideal length of a blog post?\n\n*****OUTPUT:***** The ideal length of a blog post can vary depending on the topic, audience, and purpose of the content. In general, longer blog posts - around 1,600 words or 7 minutes to read - tend to perform better in search engine results and receive more engagement from readers. However, shorter blog posts, around 800 to 1,200 words, can still be effective if the content is high-quality and provides value to the reader. It's important to focus on creating comprehensive and valuable content for your audience, rather than aiming for a specific word count. Ultimately, the ideal length of a blog post is determined by the depth of the topic and the value it provides to the reader.\n*****QUESTION:***** Would you give an explanation/justify your reasoning if you were asked this question by a friend?", "index": 568}, {"instruction": "What is the ideal length of a blog post?", "input": "", "output": "The ideal length of a blog post can vary depending on the topic, audience, and purpose of the content. In general, longer blog posts - around 1,600 words or 7 minutes to read - tend to perform better in search engine results and receive more engagement from readers. However, shorter blog posts, around 800 to 1,200 words, can still be effective if the content is high-quality and provides value to the reader. It's important to focus on creating comprehensive and valuable content for your audience, rather than aiming for a specific word count. Ultimately, the ideal length of a blog post is determined by the depth of the topic and the value it provides to the reader.", "all_data": "*****INSTRUCTION:***** What is the ideal length of a blog post?\n\n*****OUTPUT:***** The ideal length of a blog post can vary depending on the topic, audience, and purpose of the content. In general, longer blog posts - around 1,600 words or 7 minutes to read - tend to perform better in search engine results and receive more engagement from readers. However, shorter blog posts, around 800 to 1,200 words, can still be effective if the content is high-quality and provides value to the reader. It's important to focus on creating comprehensive and valuable content for your audience, rather than aiming for a specific word count. Ultimately, the ideal length of a blog post is determined by the depth of the topic and the value it provides to the reader.\n*****QUESTION:***** If there is an explanation: Does the explanation refer to commonsense concepts that are taken as given?", "index": 569}, {"instruction": "What is the ideal length of a blog post?", "input": "", "output": "The ideal length of a blog post can vary depending on the topic, audience, and purpose of the content. In general, longer blog posts - around 1,600 words or 7 minutes to read - tend to perform better in search engine results and receive more engagement from readers. However, shorter blog posts, around 800 to 1,200 words, can still be effective if the content is high-quality and provides value to the reader. It's important to focus on creating comprehensive and valuable content for your audience, rather than aiming for a specific word count. Ultimately, the ideal length of a blog post is determined by the depth of the topic and the value it provides to the reader.", "all_data": "*****INSTRUCTION:***** What is the ideal length of a blog post?\n\n*****OUTPUT:***** The ideal length of a blog post can vary depending on the topic, audience, and purpose of the content. In general, longer blog posts - around 1,600 words or 7 minutes to read - tend to perform better in search engine results and receive more engagement from readers. However, shorter blog posts, around 800 to 1,200 words, can still be effective if the content is high-quality and provides value to the reader. It's important to focus on creating comprehensive and valuable content for your audience, rather than aiming for a specific word count. Ultimately, the ideal length of a blog post is determined by the depth of the topic and the value it provides to the reader.\n*****QUESTION:***** If there is an explanation: Does the explanation list contributing factors?", "index": 570}, {"instruction": "What is the ideal length of a blog post?", "input": "", "output": "The ideal length of a blog post can vary depending on the topic, audience, and purpose of the content. In general, longer blog posts - around 1,600 words or 7 minutes to read - tend to perform better in search engine results and receive more engagement from readers. However, shorter blog posts, around 800 to 1,200 words, can still be effective if the content is high-quality and provides value to the reader. It's important to focus on creating comprehensive and valuable content for your audience, rather than aiming for a specific word count. Ultimately, the ideal length of a blog post is determined by the depth of the topic and the value it provides to the reader.", "all_data": "*****INSTRUCTION:***** What is the ideal length of a blog post?\n\n*****OUTPUT:***** The ideal length of a blog post can vary depending on the topic, audience, and purpose of the content. In general, longer blog posts - around 1,600 words or 7 minutes to read - tend to perform better in search engine results and receive more engagement from readers. However, shorter blog posts, around 800 to 1,200 words, can still be effective if the content is high-quality and provides value to the reader. It's important to focus on creating comprehensive and valuable content for your audience, rather than aiming for a specific word count. Ultimately, the ideal length of a blog post is determined by the depth of the topic and the value it provides to the reader.\n*****QUESTION:***** If there is an explanation: Does the explanation include subjective or biased criteria?", "index": 571}, {"instruction": "What is the ideal length of a blog post?", "input": "", "output": "The ideal length of a blog post can vary depending on the topic, audience, and purpose of the content. In general, longer blog posts - around 1,600 words or 7 minutes to read - tend to perform better in search engine results and receive more engagement from readers. However, shorter blog posts, around 800 to 1,200 words, can still be effective if the content is high-quality and provides value to the reader. It's important to focus on creating comprehensive and valuable content for your audience, rather than aiming for a specific word count. Ultimately, the ideal length of a blog post is determined by the depth of the topic and the value it provides to the reader.", "all_data": "*****INSTRUCTION:***** What is the ideal length of a blog post?\n\n*****OUTPUT:***** The ideal length of a blog post can vary depending on the topic, audience, and purpose of the content. In general, longer blog posts - around 1,600 words or 7 minutes to read - tend to perform better in search engine results and receive more engagement from readers. However, shorter blog posts, around 800 to 1,200 words, can still be effective if the content is high-quality and provides value to the reader. It's important to focus on creating comprehensive and valuable content for your audience, rather than aiming for a specific word count. Ultimately, the ideal length of a blog post is determined by the depth of the topic and the value it provides to the reader.\n*****QUESTION:***** If there is an explanation: Does the explanation include illustrative elements (e.g. examples)?", "index": 572}, {"instruction": "What is the ideal length of a blog post?", "input": "", "output": "The ideal length of a blog post can vary depending on the topic, audience, and purpose of the content. In general, longer blog posts - around 1,600 words or 7 minutes to read - tend to perform better in search engine results and receive more engagement from readers. However, shorter blog posts, around 800 to 1,200 words, can still be effective if the content is high-quality and provides value to the reader. It's important to focus on creating comprehensive and valuable content for your audience, rather than aiming for a specific word count. Ultimately, the ideal length of a blog post is determined by the depth of the topic and the value it provides to the reader.", "all_data": "*****INSTRUCTION:***** What is the ideal length of a blog post?\n\n*****OUTPUT:***** The ideal length of a blog post can vary depending on the topic, audience, and purpose of the content. In general, longer blog posts - around 1,600 words or 7 minutes to read - tend to perform better in search engine results and receive more engagement from readers. However, shorter blog posts, around 800 to 1,200 words, can still be effective if the content is high-quality and provides value to the reader. It's important to focus on creating comprehensive and valuable content for your audience, rather than aiming for a specific word count. Ultimately, the ideal length of a blog post is determined by the depth of the topic and the value it provides to the reader.\n*****QUESTION:***** If there is an explanation: Is the explanation misleading (e.g. arguing for a label that is wrong)?", "index": 573}, {"instruction": "Give an example of an event that could represent a new beginning", "input": "", "output": "One event that could represent a new beginning is a graduation ceremony. This event marks the end of a chapter, such as completing high school or college, and the beginning of a new journey, such as entering the workforce or pursuing further education. A graduation represents a milestone of growth and accomplishment, and serves as a starting point for new endeavors and opportunities.", "all_data": "*****INSTRUCTION:***** Give an example of an event that could represent a new beginning\n\n*****OUTPUT:***** One event that could represent a new beginning is a graduation ceremony. This event marks the end of a chapter, such as completing high school or college, and the beginning of a new journey, such as entering the workforce or pursuing further education. A graduation represents a milestone of growth and accomplishment, and serves as a starting point for new endeavors and opportunities.\n*****QUESTION:***** Does the output contain an explanation for the prediction?", "index": 574}, {"instruction": "Give an example of an event that could represent a new beginning", "input": "", "output": "One event that could represent a new beginning is a graduation ceremony. This event marks the end of a chapter, such as completing high school or college, and the beginning of a new journey, such as entering the workforce or pursuing further education. A graduation represents a milestone of growth and accomplishment, and serves as a starting point for new endeavors and opportunities.", "all_data": "*****INSTRUCTION:***** Give an example of an event that could represent a new beginning\n\n*****OUTPUT:***** One event that could represent a new beginning is a graduation ceremony. This event marks the end of a chapter, such as completing high school or college, and the beginning of a new journey, such as entering the workforce or pursuing further education. A graduation represents a milestone of growth and accomplishment, and serves as a starting point for new endeavors and opportunities.\n*****QUESTION:***** Would you give an explanation/justify your reasoning if you were asked this question by a friend?", "index": 575}, {"instruction": "Give an example of an event that could represent a new beginning", "input": "", "output": "One event that could represent a new beginning is a graduation ceremony. This event marks the end of a chapter, such as completing high school or college, and the beginning of a new journey, such as entering the workforce or pursuing further education. A graduation represents a milestone of growth and accomplishment, and serves as a starting point for new endeavors and opportunities.", "all_data": "*****INSTRUCTION:***** Give an example of an event that could represent a new beginning\n\n*****OUTPUT:***** One event that could represent a new beginning is a graduation ceremony. This event marks the end of a chapter, such as completing high school or college, and the beginning of a new journey, such as entering the workforce or pursuing further education. A graduation represents a milestone of growth and accomplishment, and serves as a starting point for new endeavors and opportunities.\n*****QUESTION:***** If there is an explanation: Does the explanation refer to commonsense concepts that are taken as given?", "index": 576}, {"instruction": "Give an example of an event that could represent a new beginning", "input": "", "output": "One event that could represent a new beginning is a graduation ceremony. This event marks the end of a chapter, such as completing high school or college, and the beginning of a new journey, such as entering the workforce or pursuing further education. A graduation represents a milestone of growth and accomplishment, and serves as a starting point for new endeavors and opportunities.", "all_data": "*****INSTRUCTION:***** Give an example of an event that could represent a new beginning\n\n*****OUTPUT:***** One event that could represent a new beginning is a graduation ceremony. This event marks the end of a chapter, such as completing high school or college, and the beginning of a new journey, such as entering the workforce or pursuing further education. A graduation represents a milestone of growth and accomplishment, and serves as a starting point for new endeavors and opportunities.\n*****QUESTION:***** If there is an explanation: Does the explanation list contributing factors?", "index": 577}, {"instruction": "Give an example of an event that could represent a new beginning", "input": "", "output": "One event that could represent a new beginning is a graduation ceremony. This event marks the end of a chapter, such as completing high school or college, and the beginning of a new journey, such as entering the workforce or pursuing further education. A graduation represents a milestone of growth and accomplishment, and serves as a starting point for new endeavors and opportunities.", "all_data": "*****INSTRUCTION:***** Give an example of an event that could represent a new beginning\n\n*****OUTPUT:***** One event that could represent a new beginning is a graduation ceremony. This event marks the end of a chapter, such as completing high school or college, and the beginning of a new journey, such as entering the workforce or pursuing further education. A graduation represents a milestone of growth and accomplishment, and serves as a starting point for new endeavors and opportunities.\n*****QUESTION:***** If there is an explanation: Does the explanation include subjective or biased criteria?", "index": 578}, {"instruction": "Give an example of an event that could represent a new beginning", "input": "", "output": "One event that could represent a new beginning is a graduation ceremony. This event marks the end of a chapter, such as completing high school or college, and the beginning of a new journey, such as entering the workforce or pursuing further education. A graduation represents a milestone of growth and accomplishment, and serves as a starting point for new endeavors and opportunities.", "all_data": "*****INSTRUCTION:***** Give an example of an event that could represent a new beginning\n\n*****OUTPUT:***** One event that could represent a new beginning is a graduation ceremony. This event marks the end of a chapter, such as completing high school or college, and the beginning of a new journey, such as entering the workforce or pursuing further education. A graduation represents a milestone of growth and accomplishment, and serves as a starting point for new endeavors and opportunities.\n*****QUESTION:***** If there is an explanation: Does the explanation include illustrative elements (e.g. examples)?", "index": 579}, {"instruction": "Give an example of an event that could represent a new beginning", "input": "", "output": "One event that could represent a new beginning is a graduation ceremony. This event marks the end of a chapter, such as completing high school or college, and the beginning of a new journey, such as entering the workforce or pursuing further education. A graduation represents a milestone of growth and accomplishment, and serves as a starting point for new endeavors and opportunities.", "all_data": "*****INSTRUCTION:***** Give an example of an event that could represent a new beginning\n\n*****OUTPUT:***** One event that could represent a new beginning is a graduation ceremony. This event marks the end of a chapter, such as completing high school or college, and the beginning of a new journey, such as entering the workforce or pursuing further education. A graduation represents a milestone of growth and accomplishment, and serves as a starting point for new endeavors and opportunities.\n*****QUESTION:***** If there is an explanation: Is the explanation misleading (e.g. arguing for a label that is wrong)?", "index": 580}, {"instruction": "Identify the sentence structure and output the appropriate label.", "input": "He answered the questions quickly.", "output": "The sentence structure is simple, with subject-verb-adverb order. It contains only one independent clause.\n\nLabel: Simple sentence.", "all_data": "*****INSTRUCTION:***** Identify the sentence structure and output the appropriate label.\nHe answered the questions quickly.\n*****OUTPUT:***** The sentence structure is simple, with subject-verb-adverb order. It contains only one independent clause.\n\nLabel: Simple sentence.\n*****QUESTION:***** Does the output contain an explanation for the prediction?", "index": 581}, {"instruction": "Identify the sentence structure and output the appropriate label.", "input": "He answered the questions quickly.", "output": "The sentence structure is simple, with subject-verb-adverb order. It contains only one independent clause.\n\nLabel: Simple sentence.", "all_data": "*****INSTRUCTION:***** Identify the sentence structure and output the appropriate label.\nHe answered the questions quickly.\n*****OUTPUT:***** The sentence structure is simple, with subject-verb-adverb order. It contains only one independent clause.\n\nLabel: Simple sentence.\n*****QUESTION:***** Would you give an explanation/justify your reasoning if you were asked this question by a friend?", "index": 582}, {"instruction": "Identify the sentence structure and output the appropriate label.", "input": "He answered the questions quickly.", "output": "The sentence structure is simple, with subject-verb-adverb order. It contains only one independent clause.\n\nLabel: Simple sentence.", "all_data": "*****INSTRUCTION:***** Identify the sentence structure and output the appropriate label.\nHe answered the questions quickly.\n*****OUTPUT:***** The sentence structure is simple, with subject-verb-adverb order. It contains only one independent clause.\n\nLabel: Simple sentence.\n*****QUESTION:***** If there is an explanation: Does the explanation refer to commonsense concepts that are taken as given?", "index": 583}, {"instruction": "Identify the sentence structure and output the appropriate label.", "input": "He answered the questions quickly.", "output": "The sentence structure is simple, with subject-verb-adverb order. It contains only one independent clause.\n\nLabel: Simple sentence.", "all_data": "*****INSTRUCTION:***** Identify the sentence structure and output the appropriate label.\nHe answered the questions quickly.\n*****OUTPUT:***** The sentence structure is simple, with subject-verb-adverb order. It contains only one independent clause.\n\nLabel: Simple sentence.\n*****QUESTION:***** If there is an explanation: Does the explanation list contributing factors?", "index": 584}, {"instruction": "Identify the sentence structure and output the appropriate label.", "input": "He answered the questions quickly.", "output": "The sentence structure is simple, with subject-verb-adverb order. It contains only one independent clause.\n\nLabel: Simple sentence.", "all_data": "*****INSTRUCTION:***** Identify the sentence structure and output the appropriate label.\nHe answered the questions quickly.\n*****OUTPUT:***** The sentence structure is simple, with subject-verb-adverb order. It contains only one independent clause.\n\nLabel: Simple sentence.\n*****QUESTION:***** If there is an explanation: Does the explanation include subjective or biased criteria?", "index": 585}, {"instruction": "Identify the sentence structure and output the appropriate label.", "input": "He answered the questions quickly.", "output": "The sentence structure is simple, with subject-verb-adverb order. It contains only one independent clause.\n\nLabel: Simple sentence.", "all_data": "*****INSTRUCTION:***** Identify the sentence structure and output the appropriate label.\nHe answered the questions quickly.\n*****OUTPUT:***** The sentence structure is simple, with subject-verb-adverb order. It contains only one independent clause.\n\nLabel: Simple sentence.\n*****QUESTION:***** If there is an explanation: Does the explanation include illustrative elements (e.g. examples)?", "index": 586}, {"instruction": "Identify the sentence structure and output the appropriate label.", "input": "He answered the questions quickly.", "output": "The sentence structure is simple, with subject-verb-adverb order. It contains only one independent clause.\n\nLabel: Simple sentence.", "all_data": "*****INSTRUCTION:***** Identify the sentence structure and output the appropriate label.\nHe answered the questions quickly.\n*****OUTPUT:***** The sentence structure is simple, with subject-verb-adverb order. It contains only one independent clause.\n\nLabel: Simple sentence.\n*****QUESTION:***** If there is an explanation: Is the explanation misleading (e.g. arguing for a label that is wrong)?", "index": 587}, {"instruction": "Re-arrange the following sentences to make a complete, cohesive paragraph.", "input": "The fuel ran low. The car stopped on the side of the road. It was dark outside.", "output": "It was dark outside when the car stopped on the side of the road. The fuel had run low.", "all_data": "*****INSTRUCTION:***** Re-arrange the following sentences to make a complete, cohesive paragraph.\nThe fuel ran low. The car stopped on the side of the road. It was dark outside.\n*****OUTPUT:***** It was dark outside when the car stopped on the side of the road. The fuel had run low.\n*****QUESTION:***** Does the output contain an explanation for the prediction?", "index": 588}, {"instruction": "Re-arrange the following sentences to make a complete, cohesive paragraph.", "input": "The fuel ran low. The car stopped on the side of the road. It was dark outside.", "output": "It was dark outside when the car stopped on the side of the road. The fuel had run low.", "all_data": "*****INSTRUCTION:***** Re-arrange the following sentences to make a complete, cohesive paragraph.\nThe fuel ran low. The car stopped on the side of the road. It was dark outside.\n*****OUTPUT:***** It was dark outside when the car stopped on the side of the road. The fuel had run low.\n*****QUESTION:***** Would you give an explanation/justify your reasoning if you were asked this question by a friend?", "index": 589}, {"instruction": "Re-arrange the following sentences to make a complete, cohesive paragraph.", "input": "The fuel ran low. The car stopped on the side of the road. It was dark outside.", "output": "It was dark outside when the car stopped on the side of the road. The fuel had run low.", "all_data": "*****INSTRUCTION:***** Re-arrange the following sentences to make a complete, cohesive paragraph.\nThe fuel ran low. The car stopped on the side of the road. It was dark outside.\n*****OUTPUT:***** It was dark outside when the car stopped on the side of the road. The fuel had run low.\n*****QUESTION:***** If there is an explanation: Does the explanation refer to commonsense concepts that are taken as given?", "index": 590}, {"instruction": "Re-arrange the following sentences to make a complete, cohesive paragraph.", "input": "The fuel ran low. The car stopped on the side of the road. It was dark outside.", "output": "It was dark outside when the car stopped on the side of the road. The fuel had run low.", "all_data": "*****INSTRUCTION:***** Re-arrange the following sentences to make a complete, cohesive paragraph.\nThe fuel ran low. The car stopped on the side of the road. It was dark outside.\n*****OUTPUT:***** It was dark outside when the car stopped on the side of the road. The fuel had run low.\n*****QUESTION:***** If there is an explanation: Does the explanation list contributing factors?", "index": 591}, {"instruction": "Re-arrange the following sentences to make a complete, cohesive paragraph.", "input": "The fuel ran low. The car stopped on the side of the road. It was dark outside.", "output": "It was dark outside when the car stopped on the side of the road. The fuel had run low.", "all_data": "*****INSTRUCTION:***** Re-arrange the following sentences to make a complete, cohesive paragraph.\nThe fuel ran low. The car stopped on the side of the road. It was dark outside.\n*****OUTPUT:***** It was dark outside when the car stopped on the side of the road. The fuel had run low.\n*****QUESTION:***** If there is an explanation: Does the explanation include subjective or biased criteria?", "index": 592}, {"instruction": "Re-arrange the following sentences to make a complete, cohesive paragraph.", "input": "The fuel ran low. The car stopped on the side of the road. It was dark outside.", "output": "It was dark outside when the car stopped on the side of the road. The fuel had run low.", "all_data": "*****INSTRUCTION:***** Re-arrange the following sentences to make a complete, cohesive paragraph.\nThe fuel ran low. The car stopped on the side of the road. It was dark outside.\n*****OUTPUT:***** It was dark outside when the car stopped on the side of the road. The fuel had run low.\n*****QUESTION:***** If there is an explanation: Does the explanation include illustrative elements (e.g. examples)?", "index": 593}, {"instruction": "Re-arrange the following sentences to make a complete, cohesive paragraph.", "input": "The fuel ran low. The car stopped on the side of the road. It was dark outside.", "output": "It was dark outside when the car stopped on the side of the road. The fuel had run low.", "all_data": "*****INSTRUCTION:***** Re-arrange the following sentences to make a complete, cohesive paragraph.\nThe fuel ran low. The car stopped on the side of the road. It was dark outside.\n*****OUTPUT:***** It was dark outside when the car stopped on the side of the road. The fuel had run low.\n*****QUESTION:***** If there is an explanation: Is the explanation misleading (e.g. arguing for a label that is wrong)?", "index": 594}, {"instruction": "Convert 10kgs to ounces.", "input": "", "output": "10 kilograms is equal to 352.74 ounces.", "all_data": "*****INSTRUCTION:***** Convert 10kgs to ounces.\n\n*****OUTPUT:***** 10 kilograms is equal to 352.74 ounces.\n*****QUESTION:***** Does the output contain an explanation for the prediction?", "index": 595}, {"instruction": "Convert 10kgs to ounces.", "input": "", "output": "10 kilograms is equal to 352.74 ounces.", "all_data": "*****INSTRUCTION:***** Convert 10kgs to ounces.\n\n*****OUTPUT:***** 10 kilograms is equal to 352.74 ounces.\n*****QUESTION:***** Would you give an explanation/justify your reasoning if you were asked this question by a friend?", "index": 596}, {"instruction": "Convert 10kgs to ounces.", "input": "", "output": "10 kilograms is equal to 352.74 ounces.", "all_data": "*****INSTRUCTION:***** Convert 10kgs to ounces.\n\n*****OUTPUT:***** 10 kilograms is equal to 352.74 ounces.\n*****QUESTION:***** If there is an explanation: Does the explanation refer to commonsense concepts that are taken as given?", "index": 597}, {"instruction": "Convert 10kgs to ounces.", "input": "", "output": "10 kilograms is equal to 352.74 ounces.", "all_data": "*****INSTRUCTION:***** Convert 10kgs to ounces.\n\n*****OUTPUT:***** 10 kilograms is equal to 352.74 ounces.\n*****QUESTION:***** If there is an explanation: Does the explanation list contributing factors?", "index": 598}, {"instruction": "Convert 10kgs to ounces.", "input": "", "output": "10 kilograms is equal to 352.74 ounces.", "all_data": "*****INSTRUCTION:***** Convert 10kgs to ounces.\n\n*****OUTPUT:***** 10 kilograms is equal to 352.74 ounces.\n*****QUESTION:***** If there is an explanation: Does the explanation include subjective or biased criteria?", "index": 599}, {"instruction": "Convert 10kgs to ounces.", "input": "", "output": "10 kilograms is equal to 352.74 ounces.", "all_data": "*****INSTRUCTION:***** Convert 10kgs to ounces.\n\n*****OUTPUT:***** 10 kilograms is equal to 352.74 ounces.\n*****QUESTION:***** If there is an explanation: Does the explanation include illustrative elements (e.g. examples)?", "index": 600}, {"instruction": "Convert 10kgs to ounces.", "input": "", "output": "10 kilograms is equal to 352.74 ounces.", "all_data": "*****INSTRUCTION:***** Convert 10kgs to ounces.\n\n*****OUTPUT:***** 10 kilograms is equal to 352.74 ounces.\n*****QUESTION:***** If there is an explanation: Is the explanation misleading (e.g. arguing for a label that is wrong)?", "index": 601}, {"instruction": "Create a metaphor that illustrates grief.", "input": "", "output": "Grief is like a stormy sea, with crashing waves of emotions that can toss and turn you endlessly. Sometimes the waters may calm and you feel you can catch a breath, but another wave soon comes and knocks you off your feet. Though it may feel like you're lost in the endless expanse of pain, eventually, the storm will pass and the sea will become still, leaving behind a new normal where memories and love remain.", "all_data": "*****INSTRUCTION:***** Create a metaphor that illustrates grief.\n\n*****OUTPUT:***** Grief is like a stormy sea, with crashing waves of emotions that can toss and turn you endlessly. Sometimes the waters may calm and you feel you can catch a breath, but another wave soon comes and knocks you off your feet. Though it may feel like you're lost in the endless expanse of pain, eventually, the storm will pass and the sea will become still, leaving behind a new normal where memories and love remain.\n*****QUESTION:***** Does the output contain an explanation for the prediction?", "index": 602}, {"instruction": "Create a metaphor that illustrates grief.", "input": "", "output": "Grief is like a stormy sea, with crashing waves of emotions that can toss and turn you endlessly. Sometimes the waters may calm and you feel you can catch a breath, but another wave soon comes and knocks you off your feet. Though it may feel like you're lost in the endless expanse of pain, eventually, the storm will pass and the sea will become still, leaving behind a new normal where memories and love remain.", "all_data": "*****INSTRUCTION:***** Create a metaphor that illustrates grief.\n\n*****OUTPUT:***** Grief is like a stormy sea, with crashing waves of emotions that can toss and turn you endlessly. Sometimes the waters may calm and you feel you can catch a breath, but another wave soon comes and knocks you off your feet. Though it may feel like you're lost in the endless expanse of pain, eventually, the storm will pass and the sea will become still, leaving behind a new normal where memories and love remain.\n*****QUESTION:***** Would you give an explanation/justify your reasoning if you were asked this question by a friend?", "index": 603}, {"instruction": "Create a metaphor that illustrates grief.", "input": "", "output": "Grief is like a stormy sea, with crashing waves of emotions that can toss and turn you endlessly. Sometimes the waters may calm and you feel you can catch a breath, but another wave soon comes and knocks you off your feet. Though it may feel like you're lost in the endless expanse of pain, eventually, the storm will pass and the sea will become still, leaving behind a new normal where memories and love remain.", "all_data": "*****INSTRUCTION:***** Create a metaphor that illustrates grief.\n\n*****OUTPUT:***** Grief is like a stormy sea, with crashing waves of emotions that can toss and turn you endlessly. Sometimes the waters may calm and you feel you can catch a breath, but another wave soon comes and knocks you off your feet. Though it may feel like you're lost in the endless expanse of pain, eventually, the storm will pass and the sea will become still, leaving behind a new normal where memories and love remain.\n*****QUESTION:***** If there is an explanation: Does the explanation refer to commonsense concepts that are taken as given?", "index": 604}, {"instruction": "Create a metaphor that illustrates grief.", "input": "", "output": "Grief is like a stormy sea, with crashing waves of emotions that can toss and turn you endlessly. Sometimes the waters may calm and you feel you can catch a breath, but another wave soon comes and knocks you off your feet. Though it may feel like you're lost in the endless expanse of pain, eventually, the storm will pass and the sea will become still, leaving behind a new normal where memories and love remain.", "all_data": "*****INSTRUCTION:***** Create a metaphor that illustrates grief.\n\n*****OUTPUT:***** Grief is like a stormy sea, with crashing waves of emotions that can toss and turn you endlessly. Sometimes the waters may calm and you feel you can catch a breath, but another wave soon comes and knocks you off your feet. Though it may feel like you're lost in the endless expanse of pain, eventually, the storm will pass and the sea will become still, leaving behind a new normal where memories and love remain.\n*****QUESTION:***** If there is an explanation: Does the explanation list contributing factors?", "index": 605}, {"instruction": "Create a metaphor that illustrates grief.", "input": "", "output": "Grief is like a stormy sea, with crashing waves of emotions that can toss and turn you endlessly. Sometimes the waters may calm and you feel you can catch a breath, but another wave soon comes and knocks you off your feet. Though it may feel like you're lost in the endless expanse of pain, eventually, the storm will pass and the sea will become still, leaving behind a new normal where memories and love remain.", "all_data": "*****INSTRUCTION:***** Create a metaphor that illustrates grief.\n\n*****OUTPUT:***** Grief is like a stormy sea, with crashing waves of emotions that can toss and turn you endlessly. Sometimes the waters may calm and you feel you can catch a breath, but another wave soon comes and knocks you off your feet. Though it may feel like you're lost in the endless expanse of pain, eventually, the storm will pass and the sea will become still, leaving behind a new normal where memories and love remain.\n*****QUESTION:***** If there is an explanation: Does the explanation include subjective or biased criteria?", "index": 606}, {"instruction": "Create a metaphor that illustrates grief.", "input": "", "output": "Grief is like a stormy sea, with crashing waves of emotions that can toss and turn you endlessly. Sometimes the waters may calm and you feel you can catch a breath, but another wave soon comes and knocks you off your feet. Though it may feel like you're lost in the endless expanse of pain, eventually, the storm will pass and the sea will become still, leaving behind a new normal where memories and love remain.", "all_data": "*****INSTRUCTION:***** Create a metaphor that illustrates grief.\n\n*****OUTPUT:***** Grief is like a stormy sea, with crashing waves of emotions that can toss and turn you endlessly. Sometimes the waters may calm and you feel you can catch a breath, but another wave soon comes and knocks you off your feet. Though it may feel like you're lost in the endless expanse of pain, eventually, the storm will pass and the sea will become still, leaving behind a new normal where memories and love remain.\n*****QUESTION:***** If there is an explanation: Does the explanation include illustrative elements (e.g. examples)?", "index": 607}, {"instruction": "Create a metaphor that illustrates grief.", "input": "", "output": "Grief is like a stormy sea, with crashing waves of emotions that can toss and turn you endlessly. Sometimes the waters may calm and you feel you can catch a breath, but another wave soon comes and knocks you off your feet. Though it may feel like you're lost in the endless expanse of pain, eventually, the storm will pass and the sea will become still, leaving behind a new normal where memories and love remain.", "all_data": "*****INSTRUCTION:***** Create a metaphor that illustrates grief.\n\n*****OUTPUT:***** Grief is like a stormy sea, with crashing waves of emotions that can toss and turn you endlessly. Sometimes the waters may calm and you feel you can catch a breath, but another wave soon comes and knocks you off your feet. Though it may feel like you're lost in the endless expanse of pain, eventually, the storm will pass and the sea will become still, leaving behind a new normal where memories and love remain.\n*****QUESTION:***** If there is an explanation: Is the explanation misleading (e.g. arguing for a label that is wrong)?", "index": 608}, {"instruction": "Identify three prime numbers between 1 and 10.", "input": "", "output": "Three prime numbers between 1 and 10 are 2, 3, and 7.", "all_data": "*****INSTRUCTION:***** Identify three prime numbers between 1 and 10.\n\n*****OUTPUT:***** Three prime numbers between 1 and 10 are 2, 3, and 7.\n*****QUESTION:***** Does the output contain an explanation for the prediction?", "index": 609}, {"instruction": "Identify three prime numbers between 1 and 10.", "input": "", "output": "Three prime numbers between 1 and 10 are 2, 3, and 7.", "all_data": "*****INSTRUCTION:***** Identify three prime numbers between 1 and 10.\n\n*****OUTPUT:***** Three prime numbers between 1 and 10 are 2, 3, and 7.\n*****QUESTION:***** Would you give an explanation/justify your reasoning if you were asked this question by a friend?", "index": 610}, {"instruction": "Identify three prime numbers between 1 and 10.", "input": "", "output": "Three prime numbers between 1 and 10 are 2, 3, and 7.", "all_data": "*****INSTRUCTION:***** Identify three prime numbers between 1 and 10.\n\n*****OUTPUT:***** Three prime numbers between 1 and 10 are 2, 3, and 7.\n*****QUESTION:***** If there is an explanation: Does the explanation refer to commonsense concepts that are taken as given?", "index": 611}, {"instruction": "Identify three prime numbers between 1 and 10.", "input": "", "output": "Three prime numbers between 1 and 10 are 2, 3, and 7.", "all_data": "*****INSTRUCTION:***** Identify three prime numbers between 1 and 10.\n\n*****OUTPUT:***** Three prime numbers between 1 and 10 are 2, 3, and 7.\n*****QUESTION:***** If there is an explanation: Does the explanation list contributing factors?", "index": 612}, {"instruction": "Identify three prime numbers between 1 and 10.", "input": "", "output": "Three prime numbers between 1 and 10 are 2, 3, and 7.", "all_data": "*****INSTRUCTION:***** Identify three prime numbers between 1 and 10.\n\n*****OUTPUT:***** Three prime numbers between 1 and 10 are 2, 3, and 7.\n*****QUESTION:***** If there is an explanation: Does the explanation include subjective or biased criteria?", "index": 613}, {"instruction": "Identify three prime numbers between 1 and 10.", "input": "", "output": "Three prime numbers between 1 and 10 are 2, 3, and 7.", "all_data": "*****INSTRUCTION:***** Identify three prime numbers between 1 and 10.\n\n*****OUTPUT:***** Three prime numbers between 1 and 10 are 2, 3, and 7.\n*****QUESTION:***** If there is an explanation: Does the explanation include illustrative elements (e.g. examples)?", "index": 614}, {"instruction": "Identify three prime numbers between 1 and 10.", "input": "", "output": "Three prime numbers between 1 and 10 are 2, 3, and 7.", "all_data": "*****INSTRUCTION:***** Identify three prime numbers between 1 and 10.\n\n*****OUTPUT:***** Three prime numbers between 1 and 10 are 2, 3, and 7.\n*****QUESTION:***** If there is an explanation: Is the explanation misleading (e.g. arguing for a label that is wrong)?", "index": 615}, {"instruction": "Convert the following Euro amount to US Dollar", "input": "126.99 Euro", "output": "To convert 126.99 Euros to US dollars, you need to know the current exchange rate between the two currencies. Exchange rates fluctuate constantly, so it\u2019s always a good idea to check the current rate before making any conversion. As of June 17, 2021, the exchange rate is 1 EUR = 1.19350 USD, so 126.99 Euros is equivalent to approximately 151.51 US dollars (126.99 x 1.19350 = 151.5071). However, this value may differ slightly depending on the exact moment of the conversion and the source you choose to check the exchange rate.", "all_data": "*****INSTRUCTION:***** Convert the following Euro amount to US Dollar\n126.99 Euro\n*****OUTPUT:***** To convert 126.99 Euros to US dollars, you need to know the current exchange rate between the two currencies. Exchange rates fluctuate constantly, so it\u2019s always a good idea to check the current rate before making any conversion. As of June 17, 2021, the exchange rate is 1 EUR = 1.19350 USD, so 126.99 Euros is equivalent to approximately 151.51 US dollars (126.99 x 1.19350 = 151.5071). However, this value may differ slightly depending on the exact moment of the conversion and the source you choose to check the exchange rate.\n*****QUESTION:***** Does the output contain an explanation for the prediction?", "index": 616}, {"instruction": "Convert the following Euro amount to US Dollar", "input": "126.99 Euro", "output": "To convert 126.99 Euros to US dollars, you need to know the current exchange rate between the two currencies. Exchange rates fluctuate constantly, so it\u2019s always a good idea to check the current rate before making any conversion. As of June 17, 2021, the exchange rate is 1 EUR = 1.19350 USD, so 126.99 Euros is equivalent to approximately 151.51 US dollars (126.99 x 1.19350 = 151.5071). However, this value may differ slightly depending on the exact moment of the conversion and the source you choose to check the exchange rate.", "all_data": "*****INSTRUCTION:***** Convert the following Euro amount to US Dollar\n126.99 Euro\n*****OUTPUT:***** To convert 126.99 Euros to US dollars, you need to know the current exchange rate between the two currencies. Exchange rates fluctuate constantly, so it\u2019s always a good idea to check the current rate before making any conversion. As of June 17, 2021, the exchange rate is 1 EUR = 1.19350 USD, so 126.99 Euros is equivalent to approximately 151.51 US dollars (126.99 x 1.19350 = 151.5071). However, this value may differ slightly depending on the exact moment of the conversion and the source you choose to check the exchange rate.\n*****QUESTION:***** Would you give an explanation/justify your reasoning if you were asked this question by a friend?", "index": 617}, {"instruction": "Convert the following Euro amount to US Dollar", "input": "126.99 Euro", "output": "To convert 126.99 Euros to US dollars, you need to know the current exchange rate between the two currencies. Exchange rates fluctuate constantly, so it\u2019s always a good idea to check the current rate before making any conversion. As of June 17, 2021, the exchange rate is 1 EUR = 1.19350 USD, so 126.99 Euros is equivalent to approximately 151.51 US dollars (126.99 x 1.19350 = 151.5071). However, this value may differ slightly depending on the exact moment of the conversion and the source you choose to check the exchange rate.", "all_data": "*****INSTRUCTION:***** Convert the following Euro amount to US Dollar\n126.99 Euro\n*****OUTPUT:***** To convert 126.99 Euros to US dollars, you need to know the current exchange rate between the two currencies. Exchange rates fluctuate constantly, so it\u2019s always a good idea to check the current rate before making any conversion. As of June 17, 2021, the exchange rate is 1 EUR = 1.19350 USD, so 126.99 Euros is equivalent to approximately 151.51 US dollars (126.99 x 1.19350 = 151.5071). However, this value may differ slightly depending on the exact moment of the conversion and the source you choose to check the exchange rate.\n*****QUESTION:***** If there is an explanation: Does the explanation refer to commonsense concepts that are taken as given?", "index": 618}, {"instruction": "Convert the following Euro amount to US Dollar", "input": "126.99 Euro", "output": "To convert 126.99 Euros to US dollars, you need to know the current exchange rate between the two currencies. Exchange rates fluctuate constantly, so it\u2019s always a good idea to check the current rate before making any conversion. As of June 17, 2021, the exchange rate is 1 EUR = 1.19350 USD, so 126.99 Euros is equivalent to approximately 151.51 US dollars (126.99 x 1.19350 = 151.5071). However, this value may differ slightly depending on the exact moment of the conversion and the source you choose to check the exchange rate.", "all_data": "*****INSTRUCTION:***** Convert the following Euro amount to US Dollar\n126.99 Euro\n*****OUTPUT:***** To convert 126.99 Euros to US dollars, you need to know the current exchange rate between the two currencies. Exchange rates fluctuate constantly, so it\u2019s always a good idea to check the current rate before making any conversion. As of June 17, 2021, the exchange rate is 1 EUR = 1.19350 USD, so 126.99 Euros is equivalent to approximately 151.51 US dollars (126.99 x 1.19350 = 151.5071). However, this value may differ slightly depending on the exact moment of the conversion and the source you choose to check the exchange rate.\n*****QUESTION:***** If there is an explanation: Does the explanation list contributing factors?", "index": 619}, {"instruction": "Convert the following Euro amount to US Dollar", "input": "126.99 Euro", "output": "To convert 126.99 Euros to US dollars, you need to know the current exchange rate between the two currencies. Exchange rates fluctuate constantly, so it\u2019s always a good idea to check the current rate before making any conversion. As of June 17, 2021, the exchange rate is 1 EUR = 1.19350 USD, so 126.99 Euros is equivalent to approximately 151.51 US dollars (126.99 x 1.19350 = 151.5071). However, this value may differ slightly depending on the exact moment of the conversion and the source you choose to check the exchange rate.", "all_data": "*****INSTRUCTION:***** Convert the following Euro amount to US Dollar\n126.99 Euro\n*****OUTPUT:***** To convert 126.99 Euros to US dollars, you need to know the current exchange rate between the two currencies. Exchange rates fluctuate constantly, so it\u2019s always a good idea to check the current rate before making any conversion. As of June 17, 2021, the exchange rate is 1 EUR = 1.19350 USD, so 126.99 Euros is equivalent to approximately 151.51 US dollars (126.99 x 1.19350 = 151.5071). However, this value may differ slightly depending on the exact moment of the conversion and the source you choose to check the exchange rate.\n*****QUESTION:***** If there is an explanation: Does the explanation include subjective or biased criteria?", "index": 620}, {"instruction": "Convert the following Euro amount to US Dollar", "input": "126.99 Euro", "output": "To convert 126.99 Euros to US dollars, you need to know the current exchange rate between the two currencies. Exchange rates fluctuate constantly, so it\u2019s always a good idea to check the current rate before making any conversion. As of June 17, 2021, the exchange rate is 1 EUR = 1.19350 USD, so 126.99 Euros is equivalent to approximately 151.51 US dollars (126.99 x 1.19350 = 151.5071). However, this value may differ slightly depending on the exact moment of the conversion and the source you choose to check the exchange rate.", "all_data": "*****INSTRUCTION:***** Convert the following Euro amount to US Dollar\n126.99 Euro\n*****OUTPUT:***** To convert 126.99 Euros to US dollars, you need to know the current exchange rate between the two currencies. Exchange rates fluctuate constantly, so it\u2019s always a good idea to check the current rate before making any conversion. As of June 17, 2021, the exchange rate is 1 EUR = 1.19350 USD, so 126.99 Euros is equivalent to approximately 151.51 US dollars (126.99 x 1.19350 = 151.5071). However, this value may differ slightly depending on the exact moment of the conversion and the source you choose to check the exchange rate.\n*****QUESTION:***** If there is an explanation: Does the explanation include illustrative elements (e.g. examples)?", "index": 621}, {"instruction": "Convert the following Euro amount to US Dollar", "input": "126.99 Euro", "output": "To convert 126.99 Euros to US dollars, you need to know the current exchange rate between the two currencies. Exchange rates fluctuate constantly, so it\u2019s always a good idea to check the current rate before making any conversion. As of June 17, 2021, the exchange rate is 1 EUR = 1.19350 USD, so 126.99 Euros is equivalent to approximately 151.51 US dollars (126.99 x 1.19350 = 151.5071). However, this value may differ slightly depending on the exact moment of the conversion and the source you choose to check the exchange rate.", "all_data": "*****INSTRUCTION:***** Convert the following Euro amount to US Dollar\n126.99 Euro\n*****OUTPUT:***** To convert 126.99 Euros to US dollars, you need to know the current exchange rate between the two currencies. Exchange rates fluctuate constantly, so it\u2019s always a good idea to check the current rate before making any conversion. As of June 17, 2021, the exchange rate is 1 EUR = 1.19350 USD, so 126.99 Euros is equivalent to approximately 151.51 US dollars (126.99 x 1.19350 = 151.5071). However, this value may differ slightly depending on the exact moment of the conversion and the source you choose to check the exchange rate.\n*****QUESTION:***** If there is an explanation: Is the explanation misleading (e.g. arguing for a label that is wrong)?", "index": 622}, {"instruction": "Generate a table of the first five powers of 2.", "input": "", "output": "| Power | Result |\n|-------|--------|\n|  2^0  |    1   |\n|  2^1  |    2   |\n|  2^2  |    4   |\n|  2^3  |    8   |\n|  2^4  |   16   |", "all_data": "*****INSTRUCTION:***** Generate a table of the first five powers of 2.\n\n*****OUTPUT:***** | Power | Result |\n|-------|--------|\n|  2^0  |    1   |\n|  2^1  |    2   |\n|  2^2  |    4   |\n|  2^3  |    8   |\n|  2^4  |   16   |\n*****QUESTION:***** Does the output contain an explanation for the prediction?", "index": 623}, {"instruction": "Generate a table of the first five powers of 2.", "input": "", "output": "| Power | Result |\n|-------|--------|\n|  2^0  |    1   |\n|  2^1  |    2   |\n|  2^2  |    4   |\n|  2^3  |    8   |\n|  2^4  |   16   |", "all_data": "*****INSTRUCTION:***** Generate a table of the first five powers of 2.\n\n*****OUTPUT:***** | Power | Result |\n|-------|--------|\n|  2^0  |    1   |\n|  2^1  |    2   |\n|  2^2  |    4   |\n|  2^3  |    8   |\n|  2^4  |   16   |\n*****QUESTION:***** Would you give an explanation/justify your reasoning if you were asked this question by a friend?", "index": 624}, {"instruction": "Generate a table of the first five powers of 2.", "input": "", "output": "| Power | Result |\n|-------|--------|\n|  2^0  |    1   |\n|  2^1  |    2   |\n|  2^2  |    4   |\n|  2^3  |    8   |\n|  2^4  |   16   |", "all_data": "*****INSTRUCTION:***** Generate a table of the first five powers of 2.\n\n*****OUTPUT:***** | Power | Result |\n|-------|--------|\n|  2^0  |    1   |\n|  2^1  |    2   |\n|  2^2  |    4   |\n|  2^3  |    8   |\n|  2^4  |   16   |\n*****QUESTION:***** If there is an explanation: Does the explanation refer to commonsense concepts that are taken as given?", "index": 625}, {"instruction": "Generate a table of the first five powers of 2.", "input": "", "output": "| Power | Result |\n|-------|--------|\n|  2^0  |    1   |\n|  2^1  |    2   |\n|  2^2  |    4   |\n|  2^3  |    8   |\n|  2^4  |   16   |", "all_data": "*****INSTRUCTION:***** Generate a table of the first five powers of 2.\n\n*****OUTPUT:***** | Power | Result |\n|-------|--------|\n|  2^0  |    1   |\n|  2^1  |    2   |\n|  2^2  |    4   |\n|  2^3  |    8   |\n|  2^4  |   16   |\n*****QUESTION:***** If there is an explanation: Does the explanation list contributing factors?", "index": 626}, {"instruction": "Generate a table of the first five powers of 2.", "input": "", "output": "| Power | Result |\n|-------|--------|\n|  2^0  |    1   |\n|  2^1  |    2   |\n|  2^2  |    4   |\n|  2^3  |    8   |\n|  2^4  |   16   |", "all_data": "*****INSTRUCTION:***** Generate a table of the first five powers of 2.\n\n*****OUTPUT:***** | Power | Result |\n|-------|--------|\n|  2^0  |    1   |\n|  2^1  |    2   |\n|  2^2  |    4   |\n|  2^3  |    8   |\n|  2^4  |   16   |\n*****QUESTION:***** If there is an explanation: Does the explanation include subjective or biased criteria?", "index": 627}, {"instruction": "Generate a table of the first five powers of 2.", "input": "", "output": "| Power | Result |\n|-------|--------|\n|  2^0  |    1   |\n|  2^1  |    2   |\n|  2^2  |    4   |\n|  2^3  |    8   |\n|  2^4  |   16   |", "all_data": "*****INSTRUCTION:***** Generate a table of the first five powers of 2.\n\n*****OUTPUT:***** | Power | Result |\n|-------|--------|\n|  2^0  |    1   |\n|  2^1  |    2   |\n|  2^2  |    4   |\n|  2^3  |    8   |\n|  2^4  |   16   |\n*****QUESTION:***** If there is an explanation: Does the explanation include illustrative elements (e.g. examples)?", "index": 628}, {"instruction": "Generate a table of the first five powers of 2.", "input": "", "output": "| Power | Result |\n|-------|--------|\n|  2^0  |    1   |\n|  2^1  |    2   |\n|  2^2  |    4   |\n|  2^3  |    8   |\n|  2^4  |   16   |", "all_data": "*****INSTRUCTION:***** Generate a table of the first five powers of 2.\n\n*****OUTPUT:***** | Power | Result |\n|-------|--------|\n|  2^0  |    1   |\n|  2^1  |    2   |\n|  2^2  |    4   |\n|  2^3  |    8   |\n|  2^4  |   16   |\n*****QUESTION:***** If there is an explanation: Is the explanation misleading (e.g. arguing for a label that is wrong)?", "index": 629}, {"instruction": "Calculate the probability of getting two heads in four coin tosses.", "input": "", "output": "The probability of getting two heads in four coin tosses is calculated using the binomial distribution formula. The formula is:\n\nP(X=k) = (n/k) * p^k * q^(n-k)\nwhere:\nn is the number of tosses (4)\nk is the number of heads (2)\np is the probability of getting heads (0.5, since it is a fair coin)\nq is the probability of getting tails (1 - p, which is also 0.5 since it is a fair coin)\n\nSo, by plugging these values into the formula, we get:\nP(X=2) = (4/2) * 0.5^2 * 0.5^2\n= 6 * 0.25 * 0.25\n= 0.375\n\nTherefore, the probability of getting two heads in four coin tosses is 0.375, or 37.5%.", "all_data": "*****INSTRUCTION:***** Calculate the probability of getting two heads in four coin tosses.\n\n*****OUTPUT:***** The probability of getting two heads in four coin tosses is calculated using the binomial distribution formula. The formula is:\n\nP(X=k) = (n/k) * p^k * q^(n-k)\nwhere:\nn is the number of tosses (4)\nk is the number of heads (2)\np is the probability of getting heads (0.5, since it is a fair coin)\nq is the probability of getting tails (1 - p, which is also 0.5 since it is a fair coin)\n\nSo, by plugging these values into the formula, we get:\nP(X=2) = (4/2) * 0.5^2 * 0.5^2\n= 6 * 0.25 * 0.25\n= 0.375\n\nTherefore, the probability of getting two heads in four coin tosses is 0.375, or 37.5%.\n*****QUESTION:***** Does the output contain an explanation for the prediction?", "index": 630}, {"instruction": "Calculate the probability of getting two heads in four coin tosses.", "input": "", "output": "The probability of getting two heads in four coin tosses is calculated using the binomial distribution formula. The formula is:\n\nP(X=k) = (n/k) * p^k * q^(n-k)\nwhere:\nn is the number of tosses (4)\nk is the number of heads (2)\np is the probability of getting heads (0.5, since it is a fair coin)\nq is the probability of getting tails (1 - p, which is also 0.5 since it is a fair coin)\n\nSo, by plugging these values into the formula, we get:\nP(X=2) = (4/2) * 0.5^2 * 0.5^2\n= 6 * 0.25 * 0.25\n= 0.375\n\nTherefore, the probability of getting two heads in four coin tosses is 0.375, or 37.5%.", "all_data": "*****INSTRUCTION:***** Calculate the probability of getting two heads in four coin tosses.\n\n*****OUTPUT:***** The probability of getting two heads in four coin tosses is calculated using the binomial distribution formula. The formula is:\n\nP(X=k) = (n/k) * p^k * q^(n-k)\nwhere:\nn is the number of tosses (4)\nk is the number of heads (2)\np is the probability of getting heads (0.5, since it is a fair coin)\nq is the probability of getting tails (1 - p, which is also 0.5 since it is a fair coin)\n\nSo, by plugging these values into the formula, we get:\nP(X=2) = (4/2) * 0.5^2 * 0.5^2\n= 6 * 0.25 * 0.25\n= 0.375\n\nTherefore, the probability of getting two heads in four coin tosses is 0.375, or 37.5%.\n*****QUESTION:***** Would you give an explanation/justify your reasoning if you were asked this question by a friend?", "index": 631}, {"instruction": "Calculate the probability of getting two heads in four coin tosses.", "input": "", "output": "The probability of getting two heads in four coin tosses is calculated using the binomial distribution formula. The formula is:\n\nP(X=k) = (n/k) * p^k * q^(n-k)\nwhere:\nn is the number of tosses (4)\nk is the number of heads (2)\np is the probability of getting heads (0.5, since it is a fair coin)\nq is the probability of getting tails (1 - p, which is also 0.5 since it is a fair coin)\n\nSo, by plugging these values into the formula, we get:\nP(X=2) = (4/2) * 0.5^2 * 0.5^2\n= 6 * 0.25 * 0.25\n= 0.375\n\nTherefore, the probability of getting two heads in four coin tosses is 0.375, or 37.5%.", "all_data": "*****INSTRUCTION:***** Calculate the probability of getting two heads in four coin tosses.\n\n*****OUTPUT:***** The probability of getting two heads in four coin tosses is calculated using the binomial distribution formula. The formula is:\n\nP(X=k) = (n/k) * p^k * q^(n-k)\nwhere:\nn is the number of tosses (4)\nk is the number of heads (2)\np is the probability of getting heads (0.5, since it is a fair coin)\nq is the probability of getting tails (1 - p, which is also 0.5 since it is a fair coin)\n\nSo, by plugging these values into the formula, we get:\nP(X=2) = (4/2) * 0.5^2 * 0.5^2\n= 6 * 0.25 * 0.25\n= 0.375\n\nTherefore, the probability of getting two heads in four coin tosses is 0.375, or 37.5%.\n*****QUESTION:***** If there is an explanation: Does the explanation refer to commonsense concepts that are taken as given?", "index": 632}, {"instruction": "Calculate the probability of getting two heads in four coin tosses.", "input": "", "output": "The probability of getting two heads in four coin tosses is calculated using the binomial distribution formula. The formula is:\n\nP(X=k) = (n/k) * p^k * q^(n-k)\nwhere:\nn is the number of tosses (4)\nk is the number of heads (2)\np is the probability of getting heads (0.5, since it is a fair coin)\nq is the probability of getting tails (1 - p, which is also 0.5 since it is a fair coin)\n\nSo, by plugging these values into the formula, we get:\nP(X=2) = (4/2) * 0.5^2 * 0.5^2\n= 6 * 0.25 * 0.25\n= 0.375\n\nTherefore, the probability of getting two heads in four coin tosses is 0.375, or 37.5%.", "all_data": "*****INSTRUCTION:***** Calculate the probability of getting two heads in four coin tosses.\n\n*****OUTPUT:***** The probability of getting two heads in four coin tosses is calculated using the binomial distribution formula. The formula is:\n\nP(X=k) = (n/k) * p^k * q^(n-k)\nwhere:\nn is the number of tosses (4)\nk is the number of heads (2)\np is the probability of getting heads (0.5, since it is a fair coin)\nq is the probability of getting tails (1 - p, which is also 0.5 since it is a fair coin)\n\nSo, by plugging these values into the formula, we get:\nP(X=2) = (4/2) * 0.5^2 * 0.5^2\n= 6 * 0.25 * 0.25\n= 0.375\n\nTherefore, the probability of getting two heads in four coin tosses is 0.375, or 37.5%.\n*****QUESTION:***** If there is an explanation: Does the explanation list contributing factors?", "index": 633}, {"instruction": "Calculate the probability of getting two heads in four coin tosses.", "input": "", "output": "The probability of getting two heads in four coin tosses is calculated using the binomial distribution formula. The formula is:\n\nP(X=k) = (n/k) * p^k * q^(n-k)\nwhere:\nn is the number of tosses (4)\nk is the number of heads (2)\np is the probability of getting heads (0.5, since it is a fair coin)\nq is the probability of getting tails (1 - p, which is also 0.5 since it is a fair coin)\n\nSo, by plugging these values into the formula, we get:\nP(X=2) = (4/2) * 0.5^2 * 0.5^2\n= 6 * 0.25 * 0.25\n= 0.375\n\nTherefore, the probability of getting two heads in four coin tosses is 0.375, or 37.5%.", "all_data": "*****INSTRUCTION:***** Calculate the probability of getting two heads in four coin tosses.\n\n*****OUTPUT:***** The probability of getting two heads in four coin tosses is calculated using the binomial distribution formula. The formula is:\n\nP(X=k) = (n/k) * p^k * q^(n-k)\nwhere:\nn is the number of tosses (4)\nk is the number of heads (2)\np is the probability of getting heads (0.5, since it is a fair coin)\nq is the probability of getting tails (1 - p, which is also 0.5 since it is a fair coin)\n\nSo, by plugging these values into the formula, we get:\nP(X=2) = (4/2) * 0.5^2 * 0.5^2\n= 6 * 0.25 * 0.25\n= 0.375\n\nTherefore, the probability of getting two heads in four coin tosses is 0.375, or 37.5%.\n*****QUESTION:***** If there is an explanation: Does the explanation include subjective or biased criteria?", "index": 634}, {"instruction": "Calculate the probability of getting two heads in four coin tosses.", "input": "", "output": "The probability of getting two heads in four coin tosses is calculated using the binomial distribution formula. The formula is:\n\nP(X=k) = (n/k) * p^k * q^(n-k)\nwhere:\nn is the number of tosses (4)\nk is the number of heads (2)\np is the probability of getting heads (0.5, since it is a fair coin)\nq is the probability of getting tails (1 - p, which is also 0.5 since it is a fair coin)\n\nSo, by plugging these values into the formula, we get:\nP(X=2) = (4/2) * 0.5^2 * 0.5^2\n= 6 * 0.25 * 0.25\n= 0.375\n\nTherefore, the probability of getting two heads in four coin tosses is 0.375, or 37.5%.", "all_data": "*****INSTRUCTION:***** Calculate the probability of getting two heads in four coin tosses.\n\n*****OUTPUT:***** The probability of getting two heads in four coin tosses is calculated using the binomial distribution formula. The formula is:\n\nP(X=k) = (n/k) * p^k * q^(n-k)\nwhere:\nn is the number of tosses (4)\nk is the number of heads (2)\np is the probability of getting heads (0.5, since it is a fair coin)\nq is the probability of getting tails (1 - p, which is also 0.5 since it is a fair coin)\n\nSo, by plugging these values into the formula, we get:\nP(X=2) = (4/2) * 0.5^2 * 0.5^2\n= 6 * 0.25 * 0.25\n= 0.375\n\nTherefore, the probability of getting two heads in four coin tosses is 0.375, or 37.5%.\n*****QUESTION:***** If there is an explanation: Does the explanation include illustrative elements (e.g. examples)?", "index": 635}, {"instruction": "Calculate the probability of getting two heads in four coin tosses.", "input": "", "output": "The probability of getting two heads in four coin tosses is calculated using the binomial distribution formula. The formula is:\n\nP(X=k) = (n/k) * p^k * q^(n-k)\nwhere:\nn is the number of tosses (4)\nk is the number of heads (2)\np is the probability of getting heads (0.5, since it is a fair coin)\nq is the probability of getting tails (1 - p, which is also 0.5 since it is a fair coin)\n\nSo, by plugging these values into the formula, we get:\nP(X=2) = (4/2) * 0.5^2 * 0.5^2\n= 6 * 0.25 * 0.25\n= 0.375\n\nTherefore, the probability of getting two heads in four coin tosses is 0.375, or 37.5%.", "all_data": "*****INSTRUCTION:***** Calculate the probability of getting two heads in four coin tosses.\n\n*****OUTPUT:***** The probability of getting two heads in four coin tosses is calculated using the binomial distribution formula. The formula is:\n\nP(X=k) = (n/k) * p^k * q^(n-k)\nwhere:\nn is the number of tosses (4)\nk is the number of heads (2)\np is the probability of getting heads (0.5, since it is a fair coin)\nq is the probability of getting tails (1 - p, which is also 0.5 since it is a fair coin)\n\nSo, by plugging these values into the formula, we get:\nP(X=2) = (4/2) * 0.5^2 * 0.5^2\n= 6 * 0.25 * 0.25\n= 0.375\n\nTherefore, the probability of getting two heads in four coin tosses is 0.375, or 37.5%.\n*****QUESTION:***** If there is an explanation: Is the explanation misleading (e.g. arguing for a label that is wrong)?", "index": 636}, {"instruction": "Calculate the area of a triangle with side lengths of 3 cm, 4 cm, and 5 cm.", "input": "", "output": "For calculating the area of a triangle using the three sides, we can use Heron's Formula. First, we need to calculate the semiperimeter of the triangle, which is (a + b + c)/ 2. In this case, (a, b, c) are the side lengths of the triangle:\n \nSemiperimeter (s) = (3 + 4 + 5) / 2 = 6 cm\n\nNow we can apply Heron's Formula to calculate the area (A):\n\nA = \u221a[s(s-a)(s-b)(s-c)]\nA = \u221a[6(6-3)(6-4)(6-5)]\nA = \u221a[6(3)(2)(1)]\nA = \u221a[36]\nA = 6 cm\u00b2\n\nThe area of the triangle with sides of length 3 cm, 4 cm, and 5 cm is 6 cm\u00b2.", "all_data": "*****INSTRUCTION:***** Calculate the area of a triangle with side lengths of 3 cm, 4 cm, and 5 cm.\n\n*****OUTPUT:***** For calculating the area of a triangle using the three sides, we can use Heron's Formula. First, we need to calculate the semiperimeter of the triangle, which is (a + b + c)/ 2. In this case, (a, b, c) are the side lengths of the triangle:\n \nSemiperimeter (s) = (3 + 4 + 5) / 2 = 6 cm\n\nNow we can apply Heron's Formula to calculate the area (A):\n\nA = \u221a[s(s-a)(s-b)(s-c)]\nA = \u221a[6(6-3)(6-4)(6-5)]\nA = \u221a[6(3)(2)(1)]\nA = \u221a[36]\nA = 6 cm\u00b2\n\nThe area of the triangle with sides of length 3 cm, 4 cm, and 5 cm is 6 cm\u00b2.\n*****QUESTION:***** Does the output contain an explanation for the prediction?", "index": 637}, {"instruction": "Calculate the area of a triangle with side lengths of 3 cm, 4 cm, and 5 cm.", "input": "", "output": "For calculating the area of a triangle using the three sides, we can use Heron's Formula. First, we need to calculate the semiperimeter of the triangle, which is (a + b + c)/ 2. In this case, (a, b, c) are the side lengths of the triangle:\n \nSemiperimeter (s) = (3 + 4 + 5) / 2 = 6 cm\n\nNow we can apply Heron's Formula to calculate the area (A):\n\nA = \u221a[s(s-a)(s-b)(s-c)]\nA = \u221a[6(6-3)(6-4)(6-5)]\nA = \u221a[6(3)(2)(1)]\nA = \u221a[36]\nA = 6 cm\u00b2\n\nThe area of the triangle with sides of length 3 cm, 4 cm, and 5 cm is 6 cm\u00b2.", "all_data": "*****INSTRUCTION:***** Calculate the area of a triangle with side lengths of 3 cm, 4 cm, and 5 cm.\n\n*****OUTPUT:***** For calculating the area of a triangle using the three sides, we can use Heron's Formula. First, we need to calculate the semiperimeter of the triangle, which is (a + b + c)/ 2. In this case, (a, b, c) are the side lengths of the triangle:\n \nSemiperimeter (s) = (3 + 4 + 5) / 2 = 6 cm\n\nNow we can apply Heron's Formula to calculate the area (A):\n\nA = \u221a[s(s-a)(s-b)(s-c)]\nA = \u221a[6(6-3)(6-4)(6-5)]\nA = \u221a[6(3)(2)(1)]\nA = \u221a[36]\nA = 6 cm\u00b2\n\nThe area of the triangle with sides of length 3 cm, 4 cm, and 5 cm is 6 cm\u00b2.\n*****QUESTION:***** Would you give an explanation/justify your reasoning if you were asked this question by a friend?", "index": 638}, {"instruction": "Calculate the area of a triangle with side lengths of 3 cm, 4 cm, and 5 cm.", "input": "", "output": "For calculating the area of a triangle using the three sides, we can use Heron's Formula. First, we need to calculate the semiperimeter of the triangle, which is (a + b + c)/ 2. In this case, (a, b, c) are the side lengths of the triangle:\n \nSemiperimeter (s) = (3 + 4 + 5) / 2 = 6 cm\n\nNow we can apply Heron's Formula to calculate the area (A):\n\nA = \u221a[s(s-a)(s-b)(s-c)]\nA = \u221a[6(6-3)(6-4)(6-5)]\nA = \u221a[6(3)(2)(1)]\nA = \u221a[36]\nA = 6 cm\u00b2\n\nThe area of the triangle with sides of length 3 cm, 4 cm, and 5 cm is 6 cm\u00b2.", "all_data": "*****INSTRUCTION:***** Calculate the area of a triangle with side lengths of 3 cm, 4 cm, and 5 cm.\n\n*****OUTPUT:***** For calculating the area of a triangle using the three sides, we can use Heron's Formula. First, we need to calculate the semiperimeter of the triangle, which is (a + b + c)/ 2. In this case, (a, b, c) are the side lengths of the triangle:\n \nSemiperimeter (s) = (3 + 4 + 5) / 2 = 6 cm\n\nNow we can apply Heron's Formula to calculate the area (A):\n\nA = \u221a[s(s-a)(s-b)(s-c)]\nA = \u221a[6(6-3)(6-4)(6-5)]\nA = \u221a[6(3)(2)(1)]\nA = \u221a[36]\nA = 6 cm\u00b2\n\nThe area of the triangle with sides of length 3 cm, 4 cm, and 5 cm is 6 cm\u00b2.\n*****QUESTION:***** If there is an explanation: Does the explanation refer to commonsense concepts that are taken as given?", "index": 639}, {"instruction": "Calculate the area of a triangle with side lengths of 3 cm, 4 cm, and 5 cm.", "input": "", "output": "For calculating the area of a triangle using the three sides, we can use Heron's Formula. First, we need to calculate the semiperimeter of the triangle, which is (a + b + c)/ 2. In this case, (a, b, c) are the side lengths of the triangle:\n \nSemiperimeter (s) = (3 + 4 + 5) / 2 = 6 cm\n\nNow we can apply Heron's Formula to calculate the area (A):\n\nA = \u221a[s(s-a)(s-b)(s-c)]\nA = \u221a[6(6-3)(6-4)(6-5)]\nA = \u221a[6(3)(2)(1)]\nA = \u221a[36]\nA = 6 cm\u00b2\n\nThe area of the triangle with sides of length 3 cm, 4 cm, and 5 cm is 6 cm\u00b2.", "all_data": "*****INSTRUCTION:***** Calculate the area of a triangle with side lengths of 3 cm, 4 cm, and 5 cm.\n\n*****OUTPUT:***** For calculating the area of a triangle using the three sides, we can use Heron's Formula. First, we need to calculate the semiperimeter of the triangle, which is (a + b + c)/ 2. In this case, (a, b, c) are the side lengths of the triangle:\n \nSemiperimeter (s) = (3 + 4 + 5) / 2 = 6 cm\n\nNow we can apply Heron's Formula to calculate the area (A):\n\nA = \u221a[s(s-a)(s-b)(s-c)]\nA = \u221a[6(6-3)(6-4)(6-5)]\nA = \u221a[6(3)(2)(1)]\nA = \u221a[36]\nA = 6 cm\u00b2\n\nThe area of the triangle with sides of length 3 cm, 4 cm, and 5 cm is 6 cm\u00b2.\n*****QUESTION:***** If there is an explanation: Does the explanation list contributing factors?", "index": 640}, {"instruction": "Calculate the area of a triangle with side lengths of 3 cm, 4 cm, and 5 cm.", "input": "", "output": "For calculating the area of a triangle using the three sides, we can use Heron's Formula. First, we need to calculate the semiperimeter of the triangle, which is (a + b + c)/ 2. In this case, (a, b, c) are the side lengths of the triangle:\n \nSemiperimeter (s) = (3 + 4 + 5) / 2 = 6 cm\n\nNow we can apply Heron's Formula to calculate the area (A):\n\nA = \u221a[s(s-a)(s-b)(s-c)]\nA = \u221a[6(6-3)(6-4)(6-5)]\nA = \u221a[6(3)(2)(1)]\nA = \u221a[36]\nA = 6 cm\u00b2\n\nThe area of the triangle with sides of length 3 cm, 4 cm, and 5 cm is 6 cm\u00b2.", "all_data": "*****INSTRUCTION:***** Calculate the area of a triangle with side lengths of 3 cm, 4 cm, and 5 cm.\n\n*****OUTPUT:***** For calculating the area of a triangle using the three sides, we can use Heron's Formula. First, we need to calculate the semiperimeter of the triangle, which is (a + b + c)/ 2. In this case, (a, b, c) are the side lengths of the triangle:\n \nSemiperimeter (s) = (3 + 4 + 5) / 2 = 6 cm\n\nNow we can apply Heron's Formula to calculate the area (A):\n\nA = \u221a[s(s-a)(s-b)(s-c)]\nA = \u221a[6(6-3)(6-4)(6-5)]\nA = \u221a[6(3)(2)(1)]\nA = \u221a[36]\nA = 6 cm\u00b2\n\nThe area of the triangle with sides of length 3 cm, 4 cm, and 5 cm is 6 cm\u00b2.\n*****QUESTION:***** If there is an explanation: Does the explanation include subjective or biased criteria?", "index": 641}, {"instruction": "Calculate the area of a triangle with side lengths of 3 cm, 4 cm, and 5 cm.", "input": "", "output": "For calculating the area of a triangle using the three sides, we can use Heron's Formula. First, we need to calculate the semiperimeter of the triangle, which is (a + b + c)/ 2. In this case, (a, b, c) are the side lengths of the triangle:\n \nSemiperimeter (s) = (3 + 4 + 5) / 2 = 6 cm\n\nNow we can apply Heron's Formula to calculate the area (A):\n\nA = \u221a[s(s-a)(s-b)(s-c)]\nA = \u221a[6(6-3)(6-4)(6-5)]\nA = \u221a[6(3)(2)(1)]\nA = \u221a[36]\nA = 6 cm\u00b2\n\nThe area of the triangle with sides of length 3 cm, 4 cm, and 5 cm is 6 cm\u00b2.", "all_data": "*****INSTRUCTION:***** Calculate the area of a triangle with side lengths of 3 cm, 4 cm, and 5 cm.\n\n*****OUTPUT:***** For calculating the area of a triangle using the three sides, we can use Heron's Formula. First, we need to calculate the semiperimeter of the triangle, which is (a + b + c)/ 2. In this case, (a, b, c) are the side lengths of the triangle:\n \nSemiperimeter (s) = (3 + 4 + 5) / 2 = 6 cm\n\nNow we can apply Heron's Formula to calculate the area (A):\n\nA = \u221a[s(s-a)(s-b)(s-c)]\nA = \u221a[6(6-3)(6-4)(6-5)]\nA = \u221a[6(3)(2)(1)]\nA = \u221a[36]\nA = 6 cm\u00b2\n\nThe area of the triangle with sides of length 3 cm, 4 cm, and 5 cm is 6 cm\u00b2.\n*****QUESTION:***** If there is an explanation: Does the explanation include illustrative elements (e.g. examples)?", "index": 642}, {"instruction": "Calculate the area of a triangle with side lengths of 3 cm, 4 cm, and 5 cm.", "input": "", "output": "For calculating the area of a triangle using the three sides, we can use Heron's Formula. First, we need to calculate the semiperimeter of the triangle, which is (a + b + c)/ 2. In this case, (a, b, c) are the side lengths of the triangle:\n \nSemiperimeter (s) = (3 + 4 + 5) / 2 = 6 cm\n\nNow we can apply Heron's Formula to calculate the area (A):\n\nA = \u221a[s(s-a)(s-b)(s-c)]\nA = \u221a[6(6-3)(6-4)(6-5)]\nA = \u221a[6(3)(2)(1)]\nA = \u221a[36]\nA = 6 cm\u00b2\n\nThe area of the triangle with sides of length 3 cm, 4 cm, and 5 cm is 6 cm\u00b2.", "all_data": "*****INSTRUCTION:***** Calculate the area of a triangle with side lengths of 3 cm, 4 cm, and 5 cm.\n\n*****OUTPUT:***** For calculating the area of a triangle using the three sides, we can use Heron's Formula. First, we need to calculate the semiperimeter of the triangle, which is (a + b + c)/ 2. In this case, (a, b, c) are the side lengths of the triangle:\n \nSemiperimeter (s) = (3 + 4 + 5) / 2 = 6 cm\n\nNow we can apply Heron's Formula to calculate the area (A):\n\nA = \u221a[s(s-a)(s-b)(s-c)]\nA = \u221a[6(6-3)(6-4)(6-5)]\nA = \u221a[6(3)(2)(1)]\nA = \u221a[36]\nA = 6 cm\u00b2\n\nThe area of the triangle with sides of length 3 cm, 4 cm, and 5 cm is 6 cm\u00b2.\n*****QUESTION:***** If there is an explanation: Is the explanation misleading (e.g. arguing for a label that is wrong)?", "index": 643}, {"instruction": "Given a description of the symptom, suggest the best way to manage it.", "input": "I am feeling fatigue and exhaustion all the time.", "output": "Fatigue and exhaustion can severely affect your quality of life and could be caused by several factors such as stress, sleep deprivation, poor diet, lack of exercise or an underlying health condition. Here are some suggestions that may help alleviate your symptoms:\n\n1. Ensure you get enough sleep: Try to establish a healthy sleep routine by going to bed and waking up at the same time every day.\n\n2. Eat a well-balanced diet: Eating foods that are rich in nutrients and avoiding processed and sugary foods can help improve your energy levels.\n\n3. Exercise regularly: Regular physical activity, such as walking or swimming, can help boost your energy levels.\n\n4. Reduce stress: Try relaxation techniques such as deep breathing, meditation or yoga to help reduce stress and improve your overall wellbeing.\n\n5. Stay hydrated: Drinking enough water throughout the day can help keep your energy levels up.\n\n6. Consult a doctor: If your fatigue and exhaustion persist despite making the above changes, it\u2019s advisable to consult with a doctor to rule out any underlying medical conditions.", "all_data": "*****INSTRUCTION:***** Given a description of the symptom, suggest the best way to manage it.\nI am feeling fatigue and exhaustion all the time.\n*****OUTPUT:***** Fatigue and exhaustion can severely affect your quality of life and could be caused by several factors such as stress, sleep deprivation, poor diet, lack of exercise or an underlying health condition. Here are some suggestions that may help alleviate your symptoms:\n\n1. Ensure you get enough sleep: Try to establish a healthy sleep routine by going to bed and waking up at the same time every day.\n\n2. Eat a well-balanced diet: Eating foods that are rich in nutrients and avoiding processed and sugary foods can help improve your energy levels.\n\n3. Exercise regularly: Regular physical activity, such as walking or swimming, can help boost your energy levels.\n\n4. Reduce stress: Try relaxation techniques such as deep breathing, meditation or yoga to help reduce stress and improve your overall wellbeing.\n\n5. Stay hydrated: Drinking enough water throughout the day can help keep your energy levels up.\n\n6. Consult a doctor: If your fatigue and exhaustion persist despite making the above changes, it\u2019s advisable to consult with a doctor to rule out any underlying medical conditions.\n*****QUESTION:***** Does the output contain an explanation for the prediction?", "index": 644}, {"instruction": "Given a description of the symptom, suggest the best way to manage it.", "input": "I am feeling fatigue and exhaustion all the time.", "output": "Fatigue and exhaustion can severely affect your quality of life and could be caused by several factors such as stress, sleep deprivation, poor diet, lack of exercise or an underlying health condition. Here are some suggestions that may help alleviate your symptoms:\n\n1. Ensure you get enough sleep: Try to establish a healthy sleep routine by going to bed and waking up at the same time every day.\n\n2. Eat a well-balanced diet: Eating foods that are rich in nutrients and avoiding processed and sugary foods can help improve your energy levels.\n\n3. Exercise regularly: Regular physical activity, such as walking or swimming, can help boost your energy levels.\n\n4. Reduce stress: Try relaxation techniques such as deep breathing, meditation or yoga to help reduce stress and improve your overall wellbeing.\n\n5. Stay hydrated: Drinking enough water throughout the day can help keep your energy levels up.\n\n6. Consult a doctor: If your fatigue and exhaustion persist despite making the above changes, it\u2019s advisable to consult with a doctor to rule out any underlying medical conditions.", "all_data": "*****INSTRUCTION:***** Given a description of the symptom, suggest the best way to manage it.\nI am feeling fatigue and exhaustion all the time.\n*****OUTPUT:***** Fatigue and exhaustion can severely affect your quality of life and could be caused by several factors such as stress, sleep deprivation, poor diet, lack of exercise or an underlying health condition. Here are some suggestions that may help alleviate your symptoms:\n\n1. Ensure you get enough sleep: Try to establish a healthy sleep routine by going to bed and waking up at the same time every day.\n\n2. Eat a well-balanced diet: Eating foods that are rich in nutrients and avoiding processed and sugary foods can help improve your energy levels.\n\n3. Exercise regularly: Regular physical activity, such as walking or swimming, can help boost your energy levels.\n\n4. Reduce stress: Try relaxation techniques such as deep breathing, meditation or yoga to help reduce stress and improve your overall wellbeing.\n\n5. Stay hydrated: Drinking enough water throughout the day can help keep your energy levels up.\n\n6. Consult a doctor: If your fatigue and exhaustion persist despite making the above changes, it\u2019s advisable to consult with a doctor to rule out any underlying medical conditions.\n*****QUESTION:***** Would you give an explanation/justify your reasoning if you were asked this question by a friend?", "index": 645}, {"instruction": "Given a description of the symptom, suggest the best way to manage it.", "input": "I am feeling fatigue and exhaustion all the time.", "output": "Fatigue and exhaustion can severely affect your quality of life and could be caused by several factors such as stress, sleep deprivation, poor diet, lack of exercise or an underlying health condition. Here are some suggestions that may help alleviate your symptoms:\n\n1. Ensure you get enough sleep: Try to establish a healthy sleep routine by going to bed and waking up at the same time every day.\n\n2. Eat a well-balanced diet: Eating foods that are rich in nutrients and avoiding processed and sugary foods can help improve your energy levels.\n\n3. Exercise regularly: Regular physical activity, such as walking or swimming, can help boost your energy levels.\n\n4. Reduce stress: Try relaxation techniques such as deep breathing, meditation or yoga to help reduce stress and improve your overall wellbeing.\n\n5. Stay hydrated: Drinking enough water throughout the day can help keep your energy levels up.\n\n6. Consult a doctor: If your fatigue and exhaustion persist despite making the above changes, it\u2019s advisable to consult with a doctor to rule out any underlying medical conditions.", "all_data": "*****INSTRUCTION:***** Given a description of the symptom, suggest the best way to manage it.\nI am feeling fatigue and exhaustion all the time.\n*****OUTPUT:***** Fatigue and exhaustion can severely affect your quality of life and could be caused by several factors such as stress, sleep deprivation, poor diet, lack of exercise or an underlying health condition. Here are some suggestions that may help alleviate your symptoms:\n\n1. Ensure you get enough sleep: Try to establish a healthy sleep routine by going to bed and waking up at the same time every day.\n\n2. Eat a well-balanced diet: Eating foods that are rich in nutrients and avoiding processed and sugary foods can help improve your energy levels.\n\n3. Exercise regularly: Regular physical activity, such as walking or swimming, can help boost your energy levels.\n\n4. Reduce stress: Try relaxation techniques such as deep breathing, meditation or yoga to help reduce stress and improve your overall wellbeing.\n\n5. Stay hydrated: Drinking enough water throughout the day can help keep your energy levels up.\n\n6. Consult a doctor: If your fatigue and exhaustion persist despite making the above changes, it\u2019s advisable to consult with a doctor to rule out any underlying medical conditions.\n*****QUESTION:***** If there is an explanation: Does the explanation refer to commonsense concepts that are taken as given?", "index": 646}, {"instruction": "Given a description of the symptom, suggest the best way to manage it.", "input": "I am feeling fatigue and exhaustion all the time.", "output": "Fatigue and exhaustion can severely affect your quality of life and could be caused by several factors such as stress, sleep deprivation, poor diet, lack of exercise or an underlying health condition. Here are some suggestions that may help alleviate your symptoms:\n\n1. Ensure you get enough sleep: Try to establish a healthy sleep routine by going to bed and waking up at the same time every day.\n\n2. Eat a well-balanced diet: Eating foods that are rich in nutrients and avoiding processed and sugary foods can help improve your energy levels.\n\n3. Exercise regularly: Regular physical activity, such as walking or swimming, can help boost your energy levels.\n\n4. Reduce stress: Try relaxation techniques such as deep breathing, meditation or yoga to help reduce stress and improve your overall wellbeing.\n\n5. Stay hydrated: Drinking enough water throughout the day can help keep your energy levels up.\n\n6. Consult a doctor: If your fatigue and exhaustion persist despite making the above changes, it\u2019s advisable to consult with a doctor to rule out any underlying medical conditions.", "all_data": "*****INSTRUCTION:***** Given a description of the symptom, suggest the best way to manage it.\nI am feeling fatigue and exhaustion all the time.\n*****OUTPUT:***** Fatigue and exhaustion can severely affect your quality of life and could be caused by several factors such as stress, sleep deprivation, poor diet, lack of exercise or an underlying health condition. Here are some suggestions that may help alleviate your symptoms:\n\n1. Ensure you get enough sleep: Try to establish a healthy sleep routine by going to bed and waking up at the same time every day.\n\n2. Eat a well-balanced diet: Eating foods that are rich in nutrients and avoiding processed and sugary foods can help improve your energy levels.\n\n3. Exercise regularly: Regular physical activity, such as walking or swimming, can help boost your energy levels.\n\n4. Reduce stress: Try relaxation techniques such as deep breathing, meditation or yoga to help reduce stress and improve your overall wellbeing.\n\n5. Stay hydrated: Drinking enough water throughout the day can help keep your energy levels up.\n\n6. Consult a doctor: If your fatigue and exhaustion persist despite making the above changes, it\u2019s advisable to consult with a doctor to rule out any underlying medical conditions.\n*****QUESTION:***** If there is an explanation: Does the explanation list contributing factors?", "index": 647}, {"instruction": "Given a description of the symptom, suggest the best way to manage it.", "input": "I am feeling fatigue and exhaustion all the time.", "output": "Fatigue and exhaustion can severely affect your quality of life and could be caused by several factors such as stress, sleep deprivation, poor diet, lack of exercise or an underlying health condition. Here are some suggestions that may help alleviate your symptoms:\n\n1. Ensure you get enough sleep: Try to establish a healthy sleep routine by going to bed and waking up at the same time every day.\n\n2. Eat a well-balanced diet: Eating foods that are rich in nutrients and avoiding processed and sugary foods can help improve your energy levels.\n\n3. Exercise regularly: Regular physical activity, such as walking or swimming, can help boost your energy levels.\n\n4. Reduce stress: Try relaxation techniques such as deep breathing, meditation or yoga to help reduce stress and improve your overall wellbeing.\n\n5. Stay hydrated: Drinking enough water throughout the day can help keep your energy levels up.\n\n6. Consult a doctor: If your fatigue and exhaustion persist despite making the above changes, it\u2019s advisable to consult with a doctor to rule out any underlying medical conditions.", "all_data": "*****INSTRUCTION:***** Given a description of the symptom, suggest the best way to manage it.\nI am feeling fatigue and exhaustion all the time.\n*****OUTPUT:***** Fatigue and exhaustion can severely affect your quality of life and could be caused by several factors such as stress, sleep deprivation, poor diet, lack of exercise or an underlying health condition. Here are some suggestions that may help alleviate your symptoms:\n\n1. Ensure you get enough sleep: Try to establish a healthy sleep routine by going to bed and waking up at the same time every day.\n\n2. Eat a well-balanced diet: Eating foods that are rich in nutrients and avoiding processed and sugary foods can help improve your energy levels.\n\n3. Exercise regularly: Regular physical activity, such as walking or swimming, can help boost your energy levels.\n\n4. Reduce stress: Try relaxation techniques such as deep breathing, meditation or yoga to help reduce stress and improve your overall wellbeing.\n\n5. Stay hydrated: Drinking enough water throughout the day can help keep your energy levels up.\n\n6. Consult a doctor: If your fatigue and exhaustion persist despite making the above changes, it\u2019s advisable to consult with a doctor to rule out any underlying medical conditions.\n*****QUESTION:***** If there is an explanation: Does the explanation include subjective or biased criteria?", "index": 648}, {"instruction": "Given a description of the symptom, suggest the best way to manage it.", "input": "I am feeling fatigue and exhaustion all the time.", "output": "Fatigue and exhaustion can severely affect your quality of life and could be caused by several factors such as stress, sleep deprivation, poor diet, lack of exercise or an underlying health condition. Here are some suggestions that may help alleviate your symptoms:\n\n1. Ensure you get enough sleep: Try to establish a healthy sleep routine by going to bed and waking up at the same time every day.\n\n2. Eat a well-balanced diet: Eating foods that are rich in nutrients and avoiding processed and sugary foods can help improve your energy levels.\n\n3. Exercise regularly: Regular physical activity, such as walking or swimming, can help boost your energy levels.\n\n4. Reduce stress: Try relaxation techniques such as deep breathing, meditation or yoga to help reduce stress and improve your overall wellbeing.\n\n5. Stay hydrated: Drinking enough water throughout the day can help keep your energy levels up.\n\n6. Consult a doctor: If your fatigue and exhaustion persist despite making the above changes, it\u2019s advisable to consult with a doctor to rule out any underlying medical conditions.", "all_data": "*****INSTRUCTION:***** Given a description of the symptom, suggest the best way to manage it.\nI am feeling fatigue and exhaustion all the time.\n*****OUTPUT:***** Fatigue and exhaustion can severely affect your quality of life and could be caused by several factors such as stress, sleep deprivation, poor diet, lack of exercise or an underlying health condition. Here are some suggestions that may help alleviate your symptoms:\n\n1. Ensure you get enough sleep: Try to establish a healthy sleep routine by going to bed and waking up at the same time every day.\n\n2. Eat a well-balanced diet: Eating foods that are rich in nutrients and avoiding processed and sugary foods can help improve your energy levels.\n\n3. Exercise regularly: Regular physical activity, such as walking or swimming, can help boost your energy levels.\n\n4. Reduce stress: Try relaxation techniques such as deep breathing, meditation or yoga to help reduce stress and improve your overall wellbeing.\n\n5. Stay hydrated: Drinking enough water throughout the day can help keep your energy levels up.\n\n6. Consult a doctor: If your fatigue and exhaustion persist despite making the above changes, it\u2019s advisable to consult with a doctor to rule out any underlying medical conditions.\n*****QUESTION:***** If there is an explanation: Does the explanation include illustrative elements (e.g. examples)?", "index": 649}, {"instruction": "Given a description of the symptom, suggest the best way to manage it.", "input": "I am feeling fatigue and exhaustion all the time.", "output": "Fatigue and exhaustion can severely affect your quality of life and could be caused by several factors such as stress, sleep deprivation, poor diet, lack of exercise or an underlying health condition. Here are some suggestions that may help alleviate your symptoms:\n\n1. Ensure you get enough sleep: Try to establish a healthy sleep routine by going to bed and waking up at the same time every day.\n\n2. Eat a well-balanced diet: Eating foods that are rich in nutrients and avoiding processed and sugary foods can help improve your energy levels.\n\n3. Exercise regularly: Regular physical activity, such as walking or swimming, can help boost your energy levels.\n\n4. Reduce stress: Try relaxation techniques such as deep breathing, meditation or yoga to help reduce stress and improve your overall wellbeing.\n\n5. Stay hydrated: Drinking enough water throughout the day can help keep your energy levels up.\n\n6. Consult a doctor: If your fatigue and exhaustion persist despite making the above changes, it\u2019s advisable to consult with a doctor to rule out any underlying medical conditions.", "all_data": "*****INSTRUCTION:***** Given a description of the symptom, suggest the best way to manage it.\nI am feeling fatigue and exhaustion all the time.\n*****OUTPUT:***** Fatigue and exhaustion can severely affect your quality of life and could be caused by several factors such as stress, sleep deprivation, poor diet, lack of exercise or an underlying health condition. Here are some suggestions that may help alleviate your symptoms:\n\n1. Ensure you get enough sleep: Try to establish a healthy sleep routine by going to bed and waking up at the same time every day.\n\n2. Eat a well-balanced diet: Eating foods that are rich in nutrients and avoiding processed and sugary foods can help improve your energy levels.\n\n3. Exercise regularly: Regular physical activity, such as walking or swimming, can help boost your energy levels.\n\n4. Reduce stress: Try relaxation techniques such as deep breathing, meditation or yoga to help reduce stress and improve your overall wellbeing.\n\n5. Stay hydrated: Drinking enough water throughout the day can help keep your energy levels up.\n\n6. Consult a doctor: If your fatigue and exhaustion persist despite making the above changes, it\u2019s advisable to consult with a doctor to rule out any underlying medical conditions.\n*****QUESTION:***** If there is an explanation: Is the explanation misleading (e.g. arguing for a label that is wrong)?", "index": 650}, {"instruction": "Create a pizza topping combination.", "input": "", "output": "Here's a pizza topping combination that can make a delicious pizza:\n\n- Mozzarella cheese\n- Grilled chicken\n- Red onion\n- Red bell pepper\n- Jalapeno\n- Tomato sauce\n- Fresh basil leaves\n- Oregano and garlic powder for taste.\n\nThe combination includes an array of colorful veggies and a protein-rich chicken. The sauce, cheese, and seasonings bring all the flavors together.", "all_data": "*****INSTRUCTION:***** Create a pizza topping combination.\n\n*****OUTPUT:***** Here's a pizza topping combination that can make a delicious pizza:\n\n- Mozzarella cheese\n- Grilled chicken\n- Red onion\n- Red bell pepper\n- Jalapeno\n- Tomato sauce\n- Fresh basil leaves\n- Oregano and garlic powder for taste.\n\nThe combination includes an array of colorful veggies and a protein-rich chicken. The sauce, cheese, and seasonings bring all the flavors together.\n*****QUESTION:***** Does the output contain an explanation for the prediction?", "index": 651}, {"instruction": "Create a pizza topping combination.", "input": "", "output": "Here's a pizza topping combination that can make a delicious pizza:\n\n- Mozzarella cheese\n- Grilled chicken\n- Red onion\n- Red bell pepper\n- Jalapeno\n- Tomato sauce\n- Fresh basil leaves\n- Oregano and garlic powder for taste.\n\nThe combination includes an array of colorful veggies and a protein-rich chicken. The sauce, cheese, and seasonings bring all the flavors together.", "all_data": "*****INSTRUCTION:***** Create a pizza topping combination.\n\n*****OUTPUT:***** Here's a pizza topping combination that can make a delicious pizza:\n\n- Mozzarella cheese\n- Grilled chicken\n- Red onion\n- Red bell pepper\n- Jalapeno\n- Tomato sauce\n- Fresh basil leaves\n- Oregano and garlic powder for taste.\n\nThe combination includes an array of colorful veggies and a protein-rich chicken. The sauce, cheese, and seasonings bring all the flavors together.\n*****QUESTION:***** Would you give an explanation/justify your reasoning if you were asked this question by a friend?", "index": 652}, {"instruction": "Create a pizza topping combination.", "input": "", "output": "Here's a pizza topping combination that can make a delicious pizza:\n\n- Mozzarella cheese\n- Grilled chicken\n- Red onion\n- Red bell pepper\n- Jalapeno\n- Tomato sauce\n- Fresh basil leaves\n- Oregano and garlic powder for taste.\n\nThe combination includes an array of colorful veggies and a protein-rich chicken. The sauce, cheese, and seasonings bring all the flavors together.", "all_data": "*****INSTRUCTION:***** Create a pizza topping combination.\n\n*****OUTPUT:***** Here's a pizza topping combination that can make a delicious pizza:\n\n- Mozzarella cheese\n- Grilled chicken\n- Red onion\n- Red bell pepper\n- Jalapeno\n- Tomato sauce\n- Fresh basil leaves\n- Oregano and garlic powder for taste.\n\nThe combination includes an array of colorful veggies and a protein-rich chicken. The sauce, cheese, and seasonings bring all the flavors together.\n*****QUESTION:***** If there is an explanation: Does the explanation refer to commonsense concepts that are taken as given?", "index": 653}, {"instruction": "Create a pizza topping combination.", "input": "", "output": "Here's a pizza topping combination that can make a delicious pizza:\n\n- Mozzarella cheese\n- Grilled chicken\n- Red onion\n- Red bell pepper\n- Jalapeno\n- Tomato sauce\n- Fresh basil leaves\n- Oregano and garlic powder for taste.\n\nThe combination includes an array of colorful veggies and a protein-rich chicken. The sauce, cheese, and seasonings bring all the flavors together.", "all_data": "*****INSTRUCTION:***** Create a pizza topping combination.\n\n*****OUTPUT:***** Here's a pizza topping combination that can make a delicious pizza:\n\n- Mozzarella cheese\n- Grilled chicken\n- Red onion\n- Red bell pepper\n- Jalapeno\n- Tomato sauce\n- Fresh basil leaves\n- Oregano and garlic powder for taste.\n\nThe combination includes an array of colorful veggies and a protein-rich chicken. The sauce, cheese, and seasonings bring all the flavors together.\n*****QUESTION:***** If there is an explanation: Does the explanation list contributing factors?", "index": 654}, {"instruction": "Create a pizza topping combination.", "input": "", "output": "Here's a pizza topping combination that can make a delicious pizza:\n\n- Mozzarella cheese\n- Grilled chicken\n- Red onion\n- Red bell pepper\n- Jalapeno\n- Tomato sauce\n- Fresh basil leaves\n- Oregano and garlic powder for taste.\n\nThe combination includes an array of colorful veggies and a protein-rich chicken. The sauce, cheese, and seasonings bring all the flavors together.", "all_data": "*****INSTRUCTION:***** Create a pizza topping combination.\n\n*****OUTPUT:***** Here's a pizza topping combination that can make a delicious pizza:\n\n- Mozzarella cheese\n- Grilled chicken\n- Red onion\n- Red bell pepper\n- Jalapeno\n- Tomato sauce\n- Fresh basil leaves\n- Oregano and garlic powder for taste.\n\nThe combination includes an array of colorful veggies and a protein-rich chicken. The sauce, cheese, and seasonings bring all the flavors together.\n*****QUESTION:***** If there is an explanation: Does the explanation include subjective or biased criteria?", "index": 655}, {"instruction": "Create a pizza topping combination.", "input": "", "output": "Here's a pizza topping combination that can make a delicious pizza:\n\n- Mozzarella cheese\n- Grilled chicken\n- Red onion\n- Red bell pepper\n- Jalapeno\n- Tomato sauce\n- Fresh basil leaves\n- Oregano and garlic powder for taste.\n\nThe combination includes an array of colorful veggies and a protein-rich chicken. The sauce, cheese, and seasonings bring all the flavors together.", "all_data": "*****INSTRUCTION:***** Create a pizza topping combination.\n\n*****OUTPUT:***** Here's a pizza topping combination that can make a delicious pizza:\n\n- Mozzarella cheese\n- Grilled chicken\n- Red onion\n- Red bell pepper\n- Jalapeno\n- Tomato sauce\n- Fresh basil leaves\n- Oregano and garlic powder for taste.\n\nThe combination includes an array of colorful veggies and a protein-rich chicken. The sauce, cheese, and seasonings bring all the flavors together.\n*****QUESTION:***** If there is an explanation: Does the explanation include illustrative elements (e.g. examples)?", "index": 656}, {"instruction": "Create a pizza topping combination.", "input": "", "output": "Here's a pizza topping combination that can make a delicious pizza:\n\n- Mozzarella cheese\n- Grilled chicken\n- Red onion\n- Red bell pepper\n- Jalapeno\n- Tomato sauce\n- Fresh basil leaves\n- Oregano and garlic powder for taste.\n\nThe combination includes an array of colorful veggies and a protein-rich chicken. The sauce, cheese, and seasonings bring all the flavors together.", "all_data": "*****INSTRUCTION:***** Create a pizza topping combination.\n\n*****OUTPUT:***** Here's a pizza topping combination that can make a delicious pizza:\n\n- Mozzarella cheese\n- Grilled chicken\n- Red onion\n- Red bell pepper\n- Jalapeno\n- Tomato sauce\n- Fresh basil leaves\n- Oregano and garlic powder for taste.\n\nThe combination includes an array of colorful veggies and a protein-rich chicken. The sauce, cheese, and seasonings bring all the flavors together.\n*****QUESTION:***** If there is an explanation: Is the explanation misleading (e.g. arguing for a label that is wrong)?", "index": 657}, {"instruction": "Generate a list of appropriate safety precautions to take while sailing.", "input": "", "output": "1. Always wear a lifejacket: No matter how good of a swimmer you are, accidents can happen. Make sure everyone on board has a properly fitting lifejacket.\n\n2. Check the weather: Before heading out, always check the weather forecast and avoid sailing in rough weather.\n\n3. Bring communication devices: Make sure you have a working VHF radio or a fully charged cell phone in a waterproof bag, in case you need to call for help.\n\n4. Tell someone your plans: Inform someone onshore of your sailing plans, including where you are going, when you expect to return, and how many people are on board.\n\n5. Know the rules of the water: Be familiar with navigation rules and boating regulations, including right-of-way, speed limits, and buoys and markers.\n\n6. Be prepared for emergencies: Have a first aid kit, flares, fire extinguisher, and a bilge pump on board. Know how to use them and make sure they are easily accessible.\n\n7. Stay alert: Keep an eye out for other boats, swimmers, and potential hazards. Avoid distractions, like using cell phones or consuming alcohol, while operating the vessel.\n\n8. Maintain your vessel: Make sure your boat is in good condition, with all necessary safety equipment on board and in working order.\n\n9. Take a boating safety course: Even experienced sailors can benefit from a refresher on safety best practices. Look for a course offered by the Coast Guard or a local boating organization.\n\n10. Respect the environment: Be mindful of the impact of your actions on the environment, including properly disposing of trash, avoiding spills or damage to marine life, and respecting protected areas.", "all_data": "*****INSTRUCTION:***** Generate a list of appropriate safety precautions to take while sailing.\n\n*****OUTPUT:***** 1. Always wear a lifejacket: No matter how good of a swimmer you are, accidents can happen. Make sure everyone on board has a properly fitting lifejacket.\n\n2. Check the weather: Before heading out, always check the weather forecast and avoid sailing in rough weather.\n\n3. Bring communication devices: Make sure you have a working VHF radio or a fully charged cell phone in a waterproof bag, in case you need to call for help.\n\n4. Tell someone your plans: Inform someone onshore of your sailing plans, including where you are going, when you expect to return, and how many people are on board.\n\n5. Know the rules of the water: Be familiar with navigation rules and boating regulations, including right-of-way, speed limits, and buoys and markers.\n\n6. Be prepared for emergencies: Have a first aid kit, flares, fire extinguisher, and a bilge pump on board. Know how to use them and make sure they are easily accessible.\n\n7. Stay alert: Keep an eye out for other boats, swimmers, and potential hazards. Avoid distractions, like using cell phones or consuming alcohol, while operating the vessel.\n\n8. Maintain your vessel: Make sure your boat is in good condition, with all necessary safety equipment on board and in working order.\n\n9. Take a boating safety course: Even experienced sailors can benefit from a refresher on safety best practices. Look for a course offered by the Coast Guard or a local boating organization.\n\n10. Respect the environment: Be mindful of the impact of your actions on the environment, including properly disposing of trash, avoiding spills or damage to marine life, and respecting protected areas.\n*****QUESTION:***** Does the output contain an explanation for the prediction?", "index": 658}, {"instruction": "Generate a list of appropriate safety precautions to take while sailing.", "input": "", "output": "1. Always wear a lifejacket: No matter how good of a swimmer you are, accidents can happen. Make sure everyone on board has a properly fitting lifejacket.\n\n2. Check the weather: Before heading out, always check the weather forecast and avoid sailing in rough weather.\n\n3. Bring communication devices: Make sure you have a working VHF radio or a fully charged cell phone in a waterproof bag, in case you need to call for help.\n\n4. Tell someone your plans: Inform someone onshore of your sailing plans, including where you are going, when you expect to return, and how many people are on board.\n\n5. Know the rules of the water: Be familiar with navigation rules and boating regulations, including right-of-way, speed limits, and buoys and markers.\n\n6. Be prepared for emergencies: Have a first aid kit, flares, fire extinguisher, and a bilge pump on board. Know how to use them and make sure they are easily accessible.\n\n7. Stay alert: Keep an eye out for other boats, swimmers, and potential hazards. Avoid distractions, like using cell phones or consuming alcohol, while operating the vessel.\n\n8. Maintain your vessel: Make sure your boat is in good condition, with all necessary safety equipment on board and in working order.\n\n9. Take a boating safety course: Even experienced sailors can benefit from a refresher on safety best practices. Look for a course offered by the Coast Guard or a local boating organization.\n\n10. Respect the environment: Be mindful of the impact of your actions on the environment, including properly disposing of trash, avoiding spills or damage to marine life, and respecting protected areas.", "all_data": "*****INSTRUCTION:***** Generate a list of appropriate safety precautions to take while sailing.\n\n*****OUTPUT:***** 1. Always wear a lifejacket: No matter how good of a swimmer you are, accidents can happen. Make sure everyone on board has a properly fitting lifejacket.\n\n2. Check the weather: Before heading out, always check the weather forecast and avoid sailing in rough weather.\n\n3. Bring communication devices: Make sure you have a working VHF radio or a fully charged cell phone in a waterproof bag, in case you need to call for help.\n\n4. Tell someone your plans: Inform someone onshore of your sailing plans, including where you are going, when you expect to return, and how many people are on board.\n\n5. Know the rules of the water: Be familiar with navigation rules and boating regulations, including right-of-way, speed limits, and buoys and markers.\n\n6. Be prepared for emergencies: Have a first aid kit, flares, fire extinguisher, and a bilge pump on board. Know how to use them and make sure they are easily accessible.\n\n7. Stay alert: Keep an eye out for other boats, swimmers, and potential hazards. Avoid distractions, like using cell phones or consuming alcohol, while operating the vessel.\n\n8. Maintain your vessel: Make sure your boat is in good condition, with all necessary safety equipment on board and in working order.\n\n9. Take a boating safety course: Even experienced sailors can benefit from a refresher on safety best practices. Look for a course offered by the Coast Guard or a local boating organization.\n\n10. Respect the environment: Be mindful of the impact of your actions on the environment, including properly disposing of trash, avoiding spills or damage to marine life, and respecting protected areas.\n*****QUESTION:***** Would you give an explanation/justify your reasoning if you were asked this question by a friend?", "index": 659}, {"instruction": "Generate a list of appropriate safety precautions to take while sailing.", "input": "", "output": "1. Always wear a lifejacket: No matter how good of a swimmer you are, accidents can happen. Make sure everyone on board has a properly fitting lifejacket.\n\n2. Check the weather: Before heading out, always check the weather forecast and avoid sailing in rough weather.\n\n3. Bring communication devices: Make sure you have a working VHF radio or a fully charged cell phone in a waterproof bag, in case you need to call for help.\n\n4. Tell someone your plans: Inform someone onshore of your sailing plans, including where you are going, when you expect to return, and how many people are on board.\n\n5. Know the rules of the water: Be familiar with navigation rules and boating regulations, including right-of-way, speed limits, and buoys and markers.\n\n6. Be prepared for emergencies: Have a first aid kit, flares, fire extinguisher, and a bilge pump on board. Know how to use them and make sure they are easily accessible.\n\n7. Stay alert: Keep an eye out for other boats, swimmers, and potential hazards. Avoid distractions, like using cell phones or consuming alcohol, while operating the vessel.\n\n8. Maintain your vessel: Make sure your boat is in good condition, with all necessary safety equipment on board and in working order.\n\n9. Take a boating safety course: Even experienced sailors can benefit from a refresher on safety best practices. Look for a course offered by the Coast Guard or a local boating organization.\n\n10. Respect the environment: Be mindful of the impact of your actions on the environment, including properly disposing of trash, avoiding spills or damage to marine life, and respecting protected areas.", "all_data": "*****INSTRUCTION:***** Generate a list of appropriate safety precautions to take while sailing.\n\n*****OUTPUT:***** 1. Always wear a lifejacket: No matter how good of a swimmer you are, accidents can happen. Make sure everyone on board has a properly fitting lifejacket.\n\n2. Check the weather: Before heading out, always check the weather forecast and avoid sailing in rough weather.\n\n3. Bring communication devices: Make sure you have a working VHF radio or a fully charged cell phone in a waterproof bag, in case you need to call for help.\n\n4. Tell someone your plans: Inform someone onshore of your sailing plans, including where you are going, when you expect to return, and how many people are on board.\n\n5. Know the rules of the water: Be familiar with navigation rules and boating regulations, including right-of-way, speed limits, and buoys and markers.\n\n6. Be prepared for emergencies: Have a first aid kit, flares, fire extinguisher, and a bilge pump on board. Know how to use them and make sure they are easily accessible.\n\n7. Stay alert: Keep an eye out for other boats, swimmers, and potential hazards. Avoid distractions, like using cell phones or consuming alcohol, while operating the vessel.\n\n8. Maintain your vessel: Make sure your boat is in good condition, with all necessary safety equipment on board and in working order.\n\n9. Take a boating safety course: Even experienced sailors can benefit from a refresher on safety best practices. Look for a course offered by the Coast Guard or a local boating organization.\n\n10. Respect the environment: Be mindful of the impact of your actions on the environment, including properly disposing of trash, avoiding spills or damage to marine life, and respecting protected areas.\n*****QUESTION:***** If there is an explanation: Does the explanation refer to commonsense concepts that are taken as given?", "index": 660}, {"instruction": "Generate a list of appropriate safety precautions to take while sailing.", "input": "", "output": "1. Always wear a lifejacket: No matter how good of a swimmer you are, accidents can happen. Make sure everyone on board has a properly fitting lifejacket.\n\n2. Check the weather: Before heading out, always check the weather forecast and avoid sailing in rough weather.\n\n3. Bring communication devices: Make sure you have a working VHF radio or a fully charged cell phone in a waterproof bag, in case you need to call for help.\n\n4. Tell someone your plans: Inform someone onshore of your sailing plans, including where you are going, when you expect to return, and how many people are on board.\n\n5. Know the rules of the water: Be familiar with navigation rules and boating regulations, including right-of-way, speed limits, and buoys and markers.\n\n6. Be prepared for emergencies: Have a first aid kit, flares, fire extinguisher, and a bilge pump on board. Know how to use them and make sure they are easily accessible.\n\n7. Stay alert: Keep an eye out for other boats, swimmers, and potential hazards. Avoid distractions, like using cell phones or consuming alcohol, while operating the vessel.\n\n8. Maintain your vessel: Make sure your boat is in good condition, with all necessary safety equipment on board and in working order.\n\n9. Take a boating safety course: Even experienced sailors can benefit from a refresher on safety best practices. Look for a course offered by the Coast Guard or a local boating organization.\n\n10. Respect the environment: Be mindful of the impact of your actions on the environment, including properly disposing of trash, avoiding spills or damage to marine life, and respecting protected areas.", "all_data": "*****INSTRUCTION:***** Generate a list of appropriate safety precautions to take while sailing.\n\n*****OUTPUT:***** 1. Always wear a lifejacket: No matter how good of a swimmer you are, accidents can happen. Make sure everyone on board has a properly fitting lifejacket.\n\n2. Check the weather: Before heading out, always check the weather forecast and avoid sailing in rough weather.\n\n3. Bring communication devices: Make sure you have a working VHF radio or a fully charged cell phone in a waterproof bag, in case you need to call for help.\n\n4. Tell someone your plans: Inform someone onshore of your sailing plans, including where you are going, when you expect to return, and how many people are on board.\n\n5. Know the rules of the water: Be familiar with navigation rules and boating regulations, including right-of-way, speed limits, and buoys and markers.\n\n6. Be prepared for emergencies: Have a first aid kit, flares, fire extinguisher, and a bilge pump on board. Know how to use them and make sure they are easily accessible.\n\n7. Stay alert: Keep an eye out for other boats, swimmers, and potential hazards. Avoid distractions, like using cell phones or consuming alcohol, while operating the vessel.\n\n8. Maintain your vessel: Make sure your boat is in good condition, with all necessary safety equipment on board and in working order.\n\n9. Take a boating safety course: Even experienced sailors can benefit from a refresher on safety best practices. Look for a course offered by the Coast Guard or a local boating organization.\n\n10. Respect the environment: Be mindful of the impact of your actions on the environment, including properly disposing of trash, avoiding spills or damage to marine life, and respecting protected areas.\n*****QUESTION:***** If there is an explanation: Does the explanation list contributing factors?", "index": 661}, {"instruction": "Generate a list of appropriate safety precautions to take while sailing.", "input": "", "output": "1. Always wear a lifejacket: No matter how good of a swimmer you are, accidents can happen. Make sure everyone on board has a properly fitting lifejacket.\n\n2. Check the weather: Before heading out, always check the weather forecast and avoid sailing in rough weather.\n\n3. Bring communication devices: Make sure you have a working VHF radio or a fully charged cell phone in a waterproof bag, in case you need to call for help.\n\n4. Tell someone your plans: Inform someone onshore of your sailing plans, including where you are going, when you expect to return, and how many people are on board.\n\n5. Know the rules of the water: Be familiar with navigation rules and boating regulations, including right-of-way, speed limits, and buoys and markers.\n\n6. Be prepared for emergencies: Have a first aid kit, flares, fire extinguisher, and a bilge pump on board. Know how to use them and make sure they are easily accessible.\n\n7. Stay alert: Keep an eye out for other boats, swimmers, and potential hazards. Avoid distractions, like using cell phones or consuming alcohol, while operating the vessel.\n\n8. Maintain your vessel: Make sure your boat is in good condition, with all necessary safety equipment on board and in working order.\n\n9. Take a boating safety course: Even experienced sailors can benefit from a refresher on safety best practices. Look for a course offered by the Coast Guard or a local boating organization.\n\n10. Respect the environment: Be mindful of the impact of your actions on the environment, including properly disposing of trash, avoiding spills or damage to marine life, and respecting protected areas.", "all_data": "*****INSTRUCTION:***** Generate a list of appropriate safety precautions to take while sailing.\n\n*****OUTPUT:***** 1. Always wear a lifejacket: No matter how good of a swimmer you are, accidents can happen. Make sure everyone on board has a properly fitting lifejacket.\n\n2. Check the weather: Before heading out, always check the weather forecast and avoid sailing in rough weather.\n\n3. Bring communication devices: Make sure you have a working VHF radio or a fully charged cell phone in a waterproof bag, in case you need to call for help.\n\n4. Tell someone your plans: Inform someone onshore of your sailing plans, including where you are going, when you expect to return, and how many people are on board.\n\n5. Know the rules of the water: Be familiar with navigation rules and boating regulations, including right-of-way, speed limits, and buoys and markers.\n\n6. Be prepared for emergencies: Have a first aid kit, flares, fire extinguisher, and a bilge pump on board. Know how to use them and make sure they are easily accessible.\n\n7. Stay alert: Keep an eye out for other boats, swimmers, and potential hazards. Avoid distractions, like using cell phones or consuming alcohol, while operating the vessel.\n\n8. Maintain your vessel: Make sure your boat is in good condition, with all necessary safety equipment on board and in working order.\n\n9. Take a boating safety course: Even experienced sailors can benefit from a refresher on safety best practices. Look for a course offered by the Coast Guard or a local boating organization.\n\n10. Respect the environment: Be mindful of the impact of your actions on the environment, including properly disposing of trash, avoiding spills or damage to marine life, and respecting protected areas.\n*****QUESTION:***** If there is an explanation: Does the explanation include subjective or biased criteria?", "index": 662}, {"instruction": "Generate a list of appropriate safety precautions to take while sailing.", "input": "", "output": "1. Always wear a lifejacket: No matter how good of a swimmer you are, accidents can happen. Make sure everyone on board has a properly fitting lifejacket.\n\n2. Check the weather: Before heading out, always check the weather forecast and avoid sailing in rough weather.\n\n3. Bring communication devices: Make sure you have a working VHF radio or a fully charged cell phone in a waterproof bag, in case you need to call for help.\n\n4. Tell someone your plans: Inform someone onshore of your sailing plans, including where you are going, when you expect to return, and how many people are on board.\n\n5. Know the rules of the water: Be familiar with navigation rules and boating regulations, including right-of-way, speed limits, and buoys and markers.\n\n6. Be prepared for emergencies: Have a first aid kit, flares, fire extinguisher, and a bilge pump on board. Know how to use them and make sure they are easily accessible.\n\n7. Stay alert: Keep an eye out for other boats, swimmers, and potential hazards. Avoid distractions, like using cell phones or consuming alcohol, while operating the vessel.\n\n8. Maintain your vessel: Make sure your boat is in good condition, with all necessary safety equipment on board and in working order.\n\n9. Take a boating safety course: Even experienced sailors can benefit from a refresher on safety best practices. Look for a course offered by the Coast Guard or a local boating organization.\n\n10. Respect the environment: Be mindful of the impact of your actions on the environment, including properly disposing of trash, avoiding spills or damage to marine life, and respecting protected areas.", "all_data": "*****INSTRUCTION:***** Generate a list of appropriate safety precautions to take while sailing.\n\n*****OUTPUT:***** 1. Always wear a lifejacket: No matter how good of a swimmer you are, accidents can happen. Make sure everyone on board has a properly fitting lifejacket.\n\n2. Check the weather: Before heading out, always check the weather forecast and avoid sailing in rough weather.\n\n3. Bring communication devices: Make sure you have a working VHF radio or a fully charged cell phone in a waterproof bag, in case you need to call for help.\n\n4. Tell someone your plans: Inform someone onshore of your sailing plans, including where you are going, when you expect to return, and how many people are on board.\n\n5. Know the rules of the water: Be familiar with navigation rules and boating regulations, including right-of-way, speed limits, and buoys and markers.\n\n6. Be prepared for emergencies: Have a first aid kit, flares, fire extinguisher, and a bilge pump on board. Know how to use them and make sure they are easily accessible.\n\n7. Stay alert: Keep an eye out for other boats, swimmers, and potential hazards. Avoid distractions, like using cell phones or consuming alcohol, while operating the vessel.\n\n8. Maintain your vessel: Make sure your boat is in good condition, with all necessary safety equipment on board and in working order.\n\n9. Take a boating safety course: Even experienced sailors can benefit from a refresher on safety best practices. Look for a course offered by the Coast Guard or a local boating organization.\n\n10. Respect the environment: Be mindful of the impact of your actions on the environment, including properly disposing of trash, avoiding spills or damage to marine life, and respecting protected areas.\n*****QUESTION:***** If there is an explanation: Does the explanation include illustrative elements (e.g. examples)?", "index": 663}, {"instruction": "Generate a list of appropriate safety precautions to take while sailing.", "input": "", "output": "1. Always wear a lifejacket: No matter how good of a swimmer you are, accidents can happen. Make sure everyone on board has a properly fitting lifejacket.\n\n2. Check the weather: Before heading out, always check the weather forecast and avoid sailing in rough weather.\n\n3. Bring communication devices: Make sure you have a working VHF radio or a fully charged cell phone in a waterproof bag, in case you need to call for help.\n\n4. Tell someone your plans: Inform someone onshore of your sailing plans, including where you are going, when you expect to return, and how many people are on board.\n\n5. Know the rules of the water: Be familiar with navigation rules and boating regulations, including right-of-way, speed limits, and buoys and markers.\n\n6. Be prepared for emergencies: Have a first aid kit, flares, fire extinguisher, and a bilge pump on board. Know how to use them and make sure they are easily accessible.\n\n7. Stay alert: Keep an eye out for other boats, swimmers, and potential hazards. Avoid distractions, like using cell phones or consuming alcohol, while operating the vessel.\n\n8. Maintain your vessel: Make sure your boat is in good condition, with all necessary safety equipment on board and in working order.\n\n9. Take a boating safety course: Even experienced sailors can benefit from a refresher on safety best practices. Look for a course offered by the Coast Guard or a local boating organization.\n\n10. Respect the environment: Be mindful of the impact of your actions on the environment, including properly disposing of trash, avoiding spills or damage to marine life, and respecting protected areas.", "all_data": "*****INSTRUCTION:***** Generate a list of appropriate safety precautions to take while sailing.\n\n*****OUTPUT:***** 1. Always wear a lifejacket: No matter how good of a swimmer you are, accidents can happen. Make sure everyone on board has a properly fitting lifejacket.\n\n2. Check the weather: Before heading out, always check the weather forecast and avoid sailing in rough weather.\n\n3. Bring communication devices: Make sure you have a working VHF radio or a fully charged cell phone in a waterproof bag, in case you need to call for help.\n\n4. Tell someone your plans: Inform someone onshore of your sailing plans, including where you are going, when you expect to return, and how many people are on board.\n\n5. Know the rules of the water: Be familiar with navigation rules and boating regulations, including right-of-way, speed limits, and buoys and markers.\n\n6. Be prepared for emergencies: Have a first aid kit, flares, fire extinguisher, and a bilge pump on board. Know how to use them and make sure they are easily accessible.\n\n7. Stay alert: Keep an eye out for other boats, swimmers, and potential hazards. Avoid distractions, like using cell phones or consuming alcohol, while operating the vessel.\n\n8. Maintain your vessel: Make sure your boat is in good condition, with all necessary safety equipment on board and in working order.\n\n9. Take a boating safety course: Even experienced sailors can benefit from a refresher on safety best practices. Look for a course offered by the Coast Guard or a local boating organization.\n\n10. Respect the environment: Be mindful of the impact of your actions on the environment, including properly disposing of trash, avoiding spills or damage to marine life, and respecting protected areas.\n*****QUESTION:***** If there is an explanation: Is the explanation misleading (e.g. arguing for a label that is wrong)?", "index": 664}, {"instruction": "List 3 advantages of using machine learning models.", "input": "", "output": "1. Accuracy and Efficiency: Machine learning algorithms can analyze large and complex datasets quickly, accurately, and repeatedly to identify patterns, make predictions, or drive decision-making. This leads to solutions that are more precise, timely and cost-effective.\n\n2. Adaptability: Machine learning models can adapt to new data and situations, constantly updating and refining their parameters through learning. This means that even as the environment changes or data evolves, the system can adjust and continue to deliver accurate results.\n\n3. Personalization: Machine learning systems can be used to build personalized models that take into account individual preferences or behaviors. This leads to tailored recommendations, predictions, or solutions. This can be seen in various applications such as product suggestions for online shopping, customized news feeds, or personalized healthcare plans.", "all_data": "*****INSTRUCTION:***** List 3 advantages of using machine learning models.\n\n*****OUTPUT:***** 1. Accuracy and Efficiency: Machine learning algorithms can analyze large and complex datasets quickly, accurately, and repeatedly to identify patterns, make predictions, or drive decision-making. This leads to solutions that are more precise, timely and cost-effective.\n\n2. Adaptability: Machine learning models can adapt to new data and situations, constantly updating and refining their parameters through learning. This means that even as the environment changes or data evolves, the system can adjust and continue to deliver accurate results.\n\n3. Personalization: Machine learning systems can be used to build personalized models that take into account individual preferences or behaviors. This leads to tailored recommendations, predictions, or solutions. This can be seen in various applications such as product suggestions for online shopping, customized news feeds, or personalized healthcare plans.\n*****QUESTION:***** Does the output contain an explanation for the prediction?", "index": 665}, {"instruction": "List 3 advantages of using machine learning models.", "input": "", "output": "1. Accuracy and Efficiency: Machine learning algorithms can analyze large and complex datasets quickly, accurately, and repeatedly to identify patterns, make predictions, or drive decision-making. This leads to solutions that are more precise, timely and cost-effective.\n\n2. Adaptability: Machine learning models can adapt to new data and situations, constantly updating and refining their parameters through learning. This means that even as the environment changes or data evolves, the system can adjust and continue to deliver accurate results.\n\n3. Personalization: Machine learning systems can be used to build personalized models that take into account individual preferences or behaviors. This leads to tailored recommendations, predictions, or solutions. This can be seen in various applications such as product suggestions for online shopping, customized news feeds, or personalized healthcare plans.", "all_data": "*****INSTRUCTION:***** List 3 advantages of using machine learning models.\n\n*****OUTPUT:***** 1. Accuracy and Efficiency: Machine learning algorithms can analyze large and complex datasets quickly, accurately, and repeatedly to identify patterns, make predictions, or drive decision-making. This leads to solutions that are more precise, timely and cost-effective.\n\n2. Adaptability: Machine learning models can adapt to new data and situations, constantly updating and refining their parameters through learning. This means that even as the environment changes or data evolves, the system can adjust and continue to deliver accurate results.\n\n3. Personalization: Machine learning systems can be used to build personalized models that take into account individual preferences or behaviors. This leads to tailored recommendations, predictions, or solutions. This can be seen in various applications such as product suggestions for online shopping, customized news feeds, or personalized healthcare plans.\n*****QUESTION:***** Would you give an explanation/justify your reasoning if you were asked this question by a friend?", "index": 666}, {"instruction": "List 3 advantages of using machine learning models.", "input": "", "output": "1. Accuracy and Efficiency: Machine learning algorithms can analyze large and complex datasets quickly, accurately, and repeatedly to identify patterns, make predictions, or drive decision-making. This leads to solutions that are more precise, timely and cost-effective.\n\n2. Adaptability: Machine learning models can adapt to new data and situations, constantly updating and refining their parameters through learning. This means that even as the environment changes or data evolves, the system can adjust and continue to deliver accurate results.\n\n3. Personalization: Machine learning systems can be used to build personalized models that take into account individual preferences or behaviors. This leads to tailored recommendations, predictions, or solutions. This can be seen in various applications such as product suggestions for online shopping, customized news feeds, or personalized healthcare plans.", "all_data": "*****INSTRUCTION:***** List 3 advantages of using machine learning models.\n\n*****OUTPUT:***** 1. Accuracy and Efficiency: Machine learning algorithms can analyze large and complex datasets quickly, accurately, and repeatedly to identify patterns, make predictions, or drive decision-making. This leads to solutions that are more precise, timely and cost-effective.\n\n2. Adaptability: Machine learning models can adapt to new data and situations, constantly updating and refining their parameters through learning. This means that even as the environment changes or data evolves, the system can adjust and continue to deliver accurate results.\n\n3. Personalization: Machine learning systems can be used to build personalized models that take into account individual preferences or behaviors. This leads to tailored recommendations, predictions, or solutions. This can be seen in various applications such as product suggestions for online shopping, customized news feeds, or personalized healthcare plans.\n*****QUESTION:***** If there is an explanation: Does the explanation refer to commonsense concepts that are taken as given?", "index": 667}, {"instruction": "List 3 advantages of using machine learning models.", "input": "", "output": "1. Accuracy and Efficiency: Machine learning algorithms can analyze large and complex datasets quickly, accurately, and repeatedly to identify patterns, make predictions, or drive decision-making. This leads to solutions that are more precise, timely and cost-effective.\n\n2. Adaptability: Machine learning models can adapt to new data and situations, constantly updating and refining their parameters through learning. This means that even as the environment changes or data evolves, the system can adjust and continue to deliver accurate results.\n\n3. Personalization: Machine learning systems can be used to build personalized models that take into account individual preferences or behaviors. This leads to tailored recommendations, predictions, or solutions. This can be seen in various applications such as product suggestions for online shopping, customized news feeds, or personalized healthcare plans.", "all_data": "*****INSTRUCTION:***** List 3 advantages of using machine learning models.\n\n*****OUTPUT:***** 1. Accuracy and Efficiency: Machine learning algorithms can analyze large and complex datasets quickly, accurately, and repeatedly to identify patterns, make predictions, or drive decision-making. This leads to solutions that are more precise, timely and cost-effective.\n\n2. Adaptability: Machine learning models can adapt to new data and situations, constantly updating and refining their parameters through learning. This means that even as the environment changes or data evolves, the system can adjust and continue to deliver accurate results.\n\n3. Personalization: Machine learning systems can be used to build personalized models that take into account individual preferences or behaviors. This leads to tailored recommendations, predictions, or solutions. This can be seen in various applications such as product suggestions for online shopping, customized news feeds, or personalized healthcare plans.\n*****QUESTION:***** If there is an explanation: Does the explanation list contributing factors?", "index": 668}, {"instruction": "List 3 advantages of using machine learning models.", "input": "", "output": "1. Accuracy and Efficiency: Machine learning algorithms can analyze large and complex datasets quickly, accurately, and repeatedly to identify patterns, make predictions, or drive decision-making. This leads to solutions that are more precise, timely and cost-effective.\n\n2. Adaptability: Machine learning models can adapt to new data and situations, constantly updating and refining their parameters through learning. This means that even as the environment changes or data evolves, the system can adjust and continue to deliver accurate results.\n\n3. Personalization: Machine learning systems can be used to build personalized models that take into account individual preferences or behaviors. This leads to tailored recommendations, predictions, or solutions. This can be seen in various applications such as product suggestions for online shopping, customized news feeds, or personalized healthcare plans.", "all_data": "*****INSTRUCTION:***** List 3 advantages of using machine learning models.\n\n*****OUTPUT:***** 1. Accuracy and Efficiency: Machine learning algorithms can analyze large and complex datasets quickly, accurately, and repeatedly to identify patterns, make predictions, or drive decision-making. This leads to solutions that are more precise, timely and cost-effective.\n\n2. Adaptability: Machine learning models can adapt to new data and situations, constantly updating and refining their parameters through learning. This means that even as the environment changes or data evolves, the system can adjust and continue to deliver accurate results.\n\n3. Personalization: Machine learning systems can be used to build personalized models that take into account individual preferences or behaviors. This leads to tailored recommendations, predictions, or solutions. This can be seen in various applications such as product suggestions for online shopping, customized news feeds, or personalized healthcare plans.\n*****QUESTION:***** If there is an explanation: Does the explanation include subjective or biased criteria?", "index": 669}, {"instruction": "List 3 advantages of using machine learning models.", "input": "", "output": "1. Accuracy and Efficiency: Machine learning algorithms can analyze large and complex datasets quickly, accurately, and repeatedly to identify patterns, make predictions, or drive decision-making. This leads to solutions that are more precise, timely and cost-effective.\n\n2. Adaptability: Machine learning models can adapt to new data and situations, constantly updating and refining their parameters through learning. This means that even as the environment changes or data evolves, the system can adjust and continue to deliver accurate results.\n\n3. Personalization: Machine learning systems can be used to build personalized models that take into account individual preferences or behaviors. This leads to tailored recommendations, predictions, or solutions. This can be seen in various applications such as product suggestions for online shopping, customized news feeds, or personalized healthcare plans.", "all_data": "*****INSTRUCTION:***** List 3 advantages of using machine learning models.\n\n*****OUTPUT:***** 1. Accuracy and Efficiency: Machine learning algorithms can analyze large and complex datasets quickly, accurately, and repeatedly to identify patterns, make predictions, or drive decision-making. This leads to solutions that are more precise, timely and cost-effective.\n\n2. Adaptability: Machine learning models can adapt to new data and situations, constantly updating and refining their parameters through learning. This means that even as the environment changes or data evolves, the system can adjust and continue to deliver accurate results.\n\n3. Personalization: Machine learning systems can be used to build personalized models that take into account individual preferences or behaviors. This leads to tailored recommendations, predictions, or solutions. This can be seen in various applications such as product suggestions for online shopping, customized news feeds, or personalized healthcare plans.\n*****QUESTION:***** If there is an explanation: Does the explanation include illustrative elements (e.g. examples)?", "index": 670}, {"instruction": "List 3 advantages of using machine learning models.", "input": "", "output": "1. Accuracy and Efficiency: Machine learning algorithms can analyze large and complex datasets quickly, accurately, and repeatedly to identify patterns, make predictions, or drive decision-making. This leads to solutions that are more precise, timely and cost-effective.\n\n2. Adaptability: Machine learning models can adapt to new data and situations, constantly updating and refining their parameters through learning. This means that even as the environment changes or data evolves, the system can adjust and continue to deliver accurate results.\n\n3. Personalization: Machine learning systems can be used to build personalized models that take into account individual preferences or behaviors. This leads to tailored recommendations, predictions, or solutions. This can be seen in various applications such as product suggestions for online shopping, customized news feeds, or personalized healthcare plans.", "all_data": "*****INSTRUCTION:***** List 3 advantages of using machine learning models.\n\n*****OUTPUT:***** 1. Accuracy and Efficiency: Machine learning algorithms can analyze large and complex datasets quickly, accurately, and repeatedly to identify patterns, make predictions, or drive decision-making. This leads to solutions that are more precise, timely and cost-effective.\n\n2. Adaptability: Machine learning models can adapt to new data and situations, constantly updating and refining their parameters through learning. This means that even as the environment changes or data evolves, the system can adjust and continue to deliver accurate results.\n\n3. Personalization: Machine learning systems can be used to build personalized models that take into account individual preferences or behaviors. This leads to tailored recommendations, predictions, or solutions. This can be seen in various applications such as product suggestions for online shopping, customized news feeds, or personalized healthcare plans.\n*****QUESTION:***** If there is an explanation: Is the explanation misleading (e.g. arguing for a label that is wrong)?", "index": 671}, {"instruction": "How can I stay calm when I am feeling overwhelmed?", "input": "", "output": "There are several techniques you can try to help stay calm when feeling overwhelmed:\n\n1. Deep breathing: Take a few slow, deep breaths. This can help lower your heart rate and blood pressure, reducing feelings of anxiety or stress.\n\n2. Mindfulness: Take a few moments to focus on the present moment, paying attention to your thoughts, feelings, and bodily sensations without judging them. This can help you feel more grounded and centered.\n\n3. Progressive muscle relaxation: Tense and then relax each muscle group in your body one at a time. This can help release physical tension and promote relaxation.\n\n4. Visualization: Imagine yourself in a calm, peaceful place. This can help take your mind off whatever is causing you to feel overwhelmed and reduce stress.\n\n5. Take a break: Take a short break to do something you enjoy, like taking a walk, listening to music, or reading a book. This can help clear your mind and rejuvenate your energy.\n\nRemember that everyone experiences stress and overwhelm at times, and it is okay to ask for help if you need it. Consider talking to a trusted friend, family member, or a mental health professional if you're having trouble managing your emotions.", "all_data": "*****INSTRUCTION:***** How can I stay calm when I am feeling overwhelmed?\n\n*****OUTPUT:***** There are several techniques you can try to help stay calm when feeling overwhelmed:\n\n1. Deep breathing: Take a few slow, deep breaths. This can help lower your heart rate and blood pressure, reducing feelings of anxiety or stress.\n\n2. Mindfulness: Take a few moments to focus on the present moment, paying attention to your thoughts, feelings, and bodily sensations without judging them. This can help you feel more grounded and centered.\n\n3. Progressive muscle relaxation: Tense and then relax each muscle group in your body one at a time. This can help release physical tension and promote relaxation.\n\n4. Visualization: Imagine yourself in a calm, peaceful place. This can help take your mind off whatever is causing you to feel overwhelmed and reduce stress.\n\n5. Take a break: Take a short break to do something you enjoy, like taking a walk, listening to music, or reading a book. This can help clear your mind and rejuvenate your energy.\n\nRemember that everyone experiences stress and overwhelm at times, and it is okay to ask for help if you need it. Consider talking to a trusted friend, family member, or a mental health professional if you're having trouble managing your emotions.\n*****QUESTION:***** Does the output contain an explanation for the prediction?", "index": 672}, {"instruction": "How can I stay calm when I am feeling overwhelmed?", "input": "", "output": "There are several techniques you can try to help stay calm when feeling overwhelmed:\n\n1. Deep breathing: Take a few slow, deep breaths. This can help lower your heart rate and blood pressure, reducing feelings of anxiety or stress.\n\n2. Mindfulness: Take a few moments to focus on the present moment, paying attention to your thoughts, feelings, and bodily sensations without judging them. This can help you feel more grounded and centered.\n\n3. Progressive muscle relaxation: Tense and then relax each muscle group in your body one at a time. This can help release physical tension and promote relaxation.\n\n4. Visualization: Imagine yourself in a calm, peaceful place. This can help take your mind off whatever is causing you to feel overwhelmed and reduce stress.\n\n5. Take a break: Take a short break to do something you enjoy, like taking a walk, listening to music, or reading a book. This can help clear your mind and rejuvenate your energy.\n\nRemember that everyone experiences stress and overwhelm at times, and it is okay to ask for help if you need it. Consider talking to a trusted friend, family member, or a mental health professional if you're having trouble managing your emotions.", "all_data": "*****INSTRUCTION:***** How can I stay calm when I am feeling overwhelmed?\n\n*****OUTPUT:***** There are several techniques you can try to help stay calm when feeling overwhelmed:\n\n1. Deep breathing: Take a few slow, deep breaths. This can help lower your heart rate and blood pressure, reducing feelings of anxiety or stress.\n\n2. Mindfulness: Take a few moments to focus on the present moment, paying attention to your thoughts, feelings, and bodily sensations without judging them. This can help you feel more grounded and centered.\n\n3. Progressive muscle relaxation: Tense and then relax each muscle group in your body one at a time. This can help release physical tension and promote relaxation.\n\n4. Visualization: Imagine yourself in a calm, peaceful place. This can help take your mind off whatever is causing you to feel overwhelmed and reduce stress.\n\n5. Take a break: Take a short break to do something you enjoy, like taking a walk, listening to music, or reading a book. This can help clear your mind and rejuvenate your energy.\n\nRemember that everyone experiences stress and overwhelm at times, and it is okay to ask for help if you need it. Consider talking to a trusted friend, family member, or a mental health professional if you're having trouble managing your emotions.\n*****QUESTION:***** Would you give an explanation/justify your reasoning if you were asked this question by a friend?", "index": 673}, {"instruction": "How can I stay calm when I am feeling overwhelmed?", "input": "", "output": "There are several techniques you can try to help stay calm when feeling overwhelmed:\n\n1. Deep breathing: Take a few slow, deep breaths. This can help lower your heart rate and blood pressure, reducing feelings of anxiety or stress.\n\n2. Mindfulness: Take a few moments to focus on the present moment, paying attention to your thoughts, feelings, and bodily sensations without judging them. This can help you feel more grounded and centered.\n\n3. Progressive muscle relaxation: Tense and then relax each muscle group in your body one at a time. This can help release physical tension and promote relaxation.\n\n4. Visualization: Imagine yourself in a calm, peaceful place. This can help take your mind off whatever is causing you to feel overwhelmed and reduce stress.\n\n5. Take a break: Take a short break to do something you enjoy, like taking a walk, listening to music, or reading a book. This can help clear your mind and rejuvenate your energy.\n\nRemember that everyone experiences stress and overwhelm at times, and it is okay to ask for help if you need it. Consider talking to a trusted friend, family member, or a mental health professional if you're having trouble managing your emotions.", "all_data": "*****INSTRUCTION:***** How can I stay calm when I am feeling overwhelmed?\n\n*****OUTPUT:***** There are several techniques you can try to help stay calm when feeling overwhelmed:\n\n1. Deep breathing: Take a few slow, deep breaths. This can help lower your heart rate and blood pressure, reducing feelings of anxiety or stress.\n\n2. Mindfulness: Take a few moments to focus on the present moment, paying attention to your thoughts, feelings, and bodily sensations without judging them. This can help you feel more grounded and centered.\n\n3. Progressive muscle relaxation: Tense and then relax each muscle group in your body one at a time. This can help release physical tension and promote relaxation.\n\n4. Visualization: Imagine yourself in a calm, peaceful place. This can help take your mind off whatever is causing you to feel overwhelmed and reduce stress.\n\n5. Take a break: Take a short break to do something you enjoy, like taking a walk, listening to music, or reading a book. This can help clear your mind and rejuvenate your energy.\n\nRemember that everyone experiences stress and overwhelm at times, and it is okay to ask for help if you need it. Consider talking to a trusted friend, family member, or a mental health professional if you're having trouble managing your emotions.\n*****QUESTION:***** If there is an explanation: Does the explanation refer to commonsense concepts that are taken as given?", "index": 674}, {"instruction": "How can I stay calm when I am feeling overwhelmed?", "input": "", "output": "There are several techniques you can try to help stay calm when feeling overwhelmed:\n\n1. Deep breathing: Take a few slow, deep breaths. This can help lower your heart rate and blood pressure, reducing feelings of anxiety or stress.\n\n2. Mindfulness: Take a few moments to focus on the present moment, paying attention to your thoughts, feelings, and bodily sensations without judging them. This can help you feel more grounded and centered.\n\n3. Progressive muscle relaxation: Tense and then relax each muscle group in your body one at a time. This can help release physical tension and promote relaxation.\n\n4. Visualization: Imagine yourself in a calm, peaceful place. This can help take your mind off whatever is causing you to feel overwhelmed and reduce stress.\n\n5. Take a break: Take a short break to do something you enjoy, like taking a walk, listening to music, or reading a book. This can help clear your mind and rejuvenate your energy.\n\nRemember that everyone experiences stress and overwhelm at times, and it is okay to ask for help if you need it. Consider talking to a trusted friend, family member, or a mental health professional if you're having trouble managing your emotions.", "all_data": "*****INSTRUCTION:***** How can I stay calm when I am feeling overwhelmed?\n\n*****OUTPUT:***** There are several techniques you can try to help stay calm when feeling overwhelmed:\n\n1. Deep breathing: Take a few slow, deep breaths. This can help lower your heart rate and blood pressure, reducing feelings of anxiety or stress.\n\n2. Mindfulness: Take a few moments to focus on the present moment, paying attention to your thoughts, feelings, and bodily sensations without judging them. This can help you feel more grounded and centered.\n\n3. Progressive muscle relaxation: Tense and then relax each muscle group in your body one at a time. This can help release physical tension and promote relaxation.\n\n4. Visualization: Imagine yourself in a calm, peaceful place. This can help take your mind off whatever is causing you to feel overwhelmed and reduce stress.\n\n5. Take a break: Take a short break to do something you enjoy, like taking a walk, listening to music, or reading a book. This can help clear your mind and rejuvenate your energy.\n\nRemember that everyone experiences stress and overwhelm at times, and it is okay to ask for help if you need it. Consider talking to a trusted friend, family member, or a mental health professional if you're having trouble managing your emotions.\n*****QUESTION:***** If there is an explanation: Does the explanation list contributing factors?", "index": 675}, {"instruction": "How can I stay calm when I am feeling overwhelmed?", "input": "", "output": "There are several techniques you can try to help stay calm when feeling overwhelmed:\n\n1. Deep breathing: Take a few slow, deep breaths. This can help lower your heart rate and blood pressure, reducing feelings of anxiety or stress.\n\n2. Mindfulness: Take a few moments to focus on the present moment, paying attention to your thoughts, feelings, and bodily sensations without judging them. This can help you feel more grounded and centered.\n\n3. Progressive muscle relaxation: Tense and then relax each muscle group in your body one at a time. This can help release physical tension and promote relaxation.\n\n4. Visualization: Imagine yourself in a calm, peaceful place. This can help take your mind off whatever is causing you to feel overwhelmed and reduce stress.\n\n5. Take a break: Take a short break to do something you enjoy, like taking a walk, listening to music, or reading a book. This can help clear your mind and rejuvenate your energy.\n\nRemember that everyone experiences stress and overwhelm at times, and it is okay to ask for help if you need it. Consider talking to a trusted friend, family member, or a mental health professional if you're having trouble managing your emotions.", "all_data": "*****INSTRUCTION:***** How can I stay calm when I am feeling overwhelmed?\n\n*****OUTPUT:***** There are several techniques you can try to help stay calm when feeling overwhelmed:\n\n1. Deep breathing: Take a few slow, deep breaths. This can help lower your heart rate and blood pressure, reducing feelings of anxiety or stress.\n\n2. Mindfulness: Take a few moments to focus on the present moment, paying attention to your thoughts, feelings, and bodily sensations without judging them. This can help you feel more grounded and centered.\n\n3. Progressive muscle relaxation: Tense and then relax each muscle group in your body one at a time. This can help release physical tension and promote relaxation.\n\n4. Visualization: Imagine yourself in a calm, peaceful place. This can help take your mind off whatever is causing you to feel overwhelmed and reduce stress.\n\n5. Take a break: Take a short break to do something you enjoy, like taking a walk, listening to music, or reading a book. This can help clear your mind and rejuvenate your energy.\n\nRemember that everyone experiences stress and overwhelm at times, and it is okay to ask for help if you need it. Consider talking to a trusted friend, family member, or a mental health professional if you're having trouble managing your emotions.\n*****QUESTION:***** If there is an explanation: Does the explanation include subjective or biased criteria?", "index": 676}, {"instruction": "How can I stay calm when I am feeling overwhelmed?", "input": "", "output": "There are several techniques you can try to help stay calm when feeling overwhelmed:\n\n1. Deep breathing: Take a few slow, deep breaths. This can help lower your heart rate and blood pressure, reducing feelings of anxiety or stress.\n\n2. Mindfulness: Take a few moments to focus on the present moment, paying attention to your thoughts, feelings, and bodily sensations without judging them. This can help you feel more grounded and centered.\n\n3. Progressive muscle relaxation: Tense and then relax each muscle group in your body one at a time. This can help release physical tension and promote relaxation.\n\n4. Visualization: Imagine yourself in a calm, peaceful place. This can help take your mind off whatever is causing you to feel overwhelmed and reduce stress.\n\n5. Take a break: Take a short break to do something you enjoy, like taking a walk, listening to music, or reading a book. This can help clear your mind and rejuvenate your energy.\n\nRemember that everyone experiences stress and overwhelm at times, and it is okay to ask for help if you need it. Consider talking to a trusted friend, family member, or a mental health professional if you're having trouble managing your emotions.", "all_data": "*****INSTRUCTION:***** How can I stay calm when I am feeling overwhelmed?\n\n*****OUTPUT:***** There are several techniques you can try to help stay calm when feeling overwhelmed:\n\n1. Deep breathing: Take a few slow, deep breaths. This can help lower your heart rate and blood pressure, reducing feelings of anxiety or stress.\n\n2. Mindfulness: Take a few moments to focus on the present moment, paying attention to your thoughts, feelings, and bodily sensations without judging them. This can help you feel more grounded and centered.\n\n3. Progressive muscle relaxation: Tense and then relax each muscle group in your body one at a time. This can help release physical tension and promote relaxation.\n\n4. Visualization: Imagine yourself in a calm, peaceful place. This can help take your mind off whatever is causing you to feel overwhelmed and reduce stress.\n\n5. Take a break: Take a short break to do something you enjoy, like taking a walk, listening to music, or reading a book. This can help clear your mind and rejuvenate your energy.\n\nRemember that everyone experiences stress and overwhelm at times, and it is okay to ask for help if you need it. Consider talking to a trusted friend, family member, or a mental health professional if you're having trouble managing your emotions.\n*****QUESTION:***** If there is an explanation: Does the explanation include illustrative elements (e.g. examples)?", "index": 677}, {"instruction": "How can I stay calm when I am feeling overwhelmed?", "input": "", "output": "There are several techniques you can try to help stay calm when feeling overwhelmed:\n\n1. Deep breathing: Take a few slow, deep breaths. This can help lower your heart rate and blood pressure, reducing feelings of anxiety or stress.\n\n2. Mindfulness: Take a few moments to focus on the present moment, paying attention to your thoughts, feelings, and bodily sensations without judging them. This can help you feel more grounded and centered.\n\n3. Progressive muscle relaxation: Tense and then relax each muscle group in your body one at a time. This can help release physical tension and promote relaxation.\n\n4. Visualization: Imagine yourself in a calm, peaceful place. This can help take your mind off whatever is causing you to feel overwhelmed and reduce stress.\n\n5. Take a break: Take a short break to do something you enjoy, like taking a walk, listening to music, or reading a book. This can help clear your mind and rejuvenate your energy.\n\nRemember that everyone experiences stress and overwhelm at times, and it is okay to ask for help if you need it. Consider talking to a trusted friend, family member, or a mental health professional if you're having trouble managing your emotions.", "all_data": "*****INSTRUCTION:***** How can I stay calm when I am feeling overwhelmed?\n\n*****OUTPUT:***** There are several techniques you can try to help stay calm when feeling overwhelmed:\n\n1. Deep breathing: Take a few slow, deep breaths. This can help lower your heart rate and blood pressure, reducing feelings of anxiety or stress.\n\n2. Mindfulness: Take a few moments to focus on the present moment, paying attention to your thoughts, feelings, and bodily sensations without judging them. This can help you feel more grounded and centered.\n\n3. Progressive muscle relaxation: Tense and then relax each muscle group in your body one at a time. This can help release physical tension and promote relaxation.\n\n4. Visualization: Imagine yourself in a calm, peaceful place. This can help take your mind off whatever is causing you to feel overwhelmed and reduce stress.\n\n5. Take a break: Take a short break to do something you enjoy, like taking a walk, listening to music, or reading a book. This can help clear your mind and rejuvenate your energy.\n\nRemember that everyone experiences stress and overwhelm at times, and it is okay to ask for help if you need it. Consider talking to a trusted friend, family member, or a mental health professional if you're having trouble managing your emotions.\n*****QUESTION:***** If there is an explanation: Is the explanation misleading (e.g. arguing for a label that is wrong)?", "index": 678}, {"instruction": "How can machines be used to reduce carbon emissions?", "input": "", "output": "Today, carbon emissions from human activities are contributing substantially to climate change. As such, efforts to reduce carbon emissions are essential to mitigating this phenomenon. Fortunately, advances in technology have opened up a range of opportunities for using machines to reduce carbon emissions, both directly and indirectly.\n\nThe following are some ways that machines can help reduce carbon emissions:\n\n1. Renewable Energy Generation: Machines such as wind turbines, solar panels, hydroelectric dams, and geothermal generators are increasingly being used to produce electricity using renewable resources, reducing the need for fossil fuels, which release carbon dioxide when burned.\n\n2. Energy Efficiency: Improvements in technology have allowed for the development of more energy-efficient machines, such as LED lighting, smart thermostats, and passive heating and cooling systems. These machines use less energy to perform their functions, resulting in lower carbon emissions.\n\n3. Transportation: Advancements in transportation technology, such as the development of electric vehicles, hybrid cars, and improved public transit systems, are helping to reduce emissions from transportation, which is a significant contributor to global carbon emissions.\n\n4. Agriculture: Precision agriculture techniques, which involve the use of technology such as drones and sensors, can help farmers optimize their use of resources and reduce waste, resulting in lower carbon emissions. For instance, precision agriculture can reduce the need for nitrogen fertilizers, which release a potent greenhouse gas when produced and applied.\n\n5. Industry: Industrial processes can be made more efficient through the use of smart technology and automation, reducing energy use and emissions. For instance, smart manufacturing systems can optimize the use of resources, reducing waste and emissions.\n\n6. Carbon Capture and Storage: Machines are also being developed to capture carbon emissions from industrial sources and store them securely underground, preventing their release into the atmosphere.\n\nIn summary, machines can be used to reduce carbon emissions in various sectors, including energy production, transportation, agriculture, and industry, through renewable energy generation, energy efficiency, and carbon capture and storage. Advancements in technology and an increased focus on sustainability are helping to drive these changes.", "all_data": "*****INSTRUCTION:***** How can machines be used to reduce carbon emissions?\n\n*****OUTPUT:***** Today, carbon emissions from human activities are contributing substantially to climate change. As such, efforts to reduce carbon emissions are essential to mitigating this phenomenon. Fortunately, advances in technology have opened up a range of opportunities for using machines to reduce carbon emissions, both directly and indirectly.\n\nThe following are some ways that machines can help reduce carbon emissions:\n\n1. Renewable Energy Generation: Machines such as wind turbines, solar panels, hydroelectric dams, and geothermal generators are increasingly being used to produce electricity using renewable resources, reducing the need for fossil fuels, which release carbon dioxide when burned.\n\n2. Energy Efficiency: Improvements in technology have allowed for the development of more energy-efficient machines, such as LED lighting, smart thermostats, and passive heating and cooling systems. These machines use less energy to perform their functions, resulting in lower carbon emissions.\n\n3. Transportation: Advancements in transportation technology, such as the development of electric vehicles, hybrid cars, and improved public transit systems, are helping to reduce emissions from transportation, which is a significant contributor to global carbon emissions.\n\n4. Agriculture: Precision agriculture techniques, which involve the use of technology such as drones and sensors, can help farmers optimize their use of resources and reduce waste, resulting in lower carbon emissions. For instance, precision agriculture can reduce the need for nitrogen fertilizers, which release a potent greenhouse gas when produced and applied.\n\n5. Industry: Industrial processes can be made more efficient through the use of smart technology and automation, reducing energy use and emissions. For instance, smart manufacturing systems can optimize the use of resources, reducing waste and emissions.\n\n6. Carbon Capture and Storage: Machines are also being developed to capture carbon emissions from industrial sources and store them securely underground, preventing their release into the atmosphere.\n\nIn summary, machines can be used to reduce carbon emissions in various sectors, including energy production, transportation, agriculture, and industry, through renewable energy generation, energy efficiency, and carbon capture and storage. Advancements in technology and an increased focus on sustainability are helping to drive these changes.\n*****QUESTION:***** Does the output contain an explanation for the prediction?", "index": 679}, {"instruction": "How can machines be used to reduce carbon emissions?", "input": "", "output": "Today, carbon emissions from human activities are contributing substantially to climate change. As such, efforts to reduce carbon emissions are essential to mitigating this phenomenon. Fortunately, advances in technology have opened up a range of opportunities for using machines to reduce carbon emissions, both directly and indirectly.\n\nThe following are some ways that machines can help reduce carbon emissions:\n\n1. Renewable Energy Generation: Machines such as wind turbines, solar panels, hydroelectric dams, and geothermal generators are increasingly being used to produce electricity using renewable resources, reducing the need for fossil fuels, which release carbon dioxide when burned.\n\n2. Energy Efficiency: Improvements in technology have allowed for the development of more energy-efficient machines, such as LED lighting, smart thermostats, and passive heating and cooling systems. These machines use less energy to perform their functions, resulting in lower carbon emissions.\n\n3. Transportation: Advancements in transportation technology, such as the development of electric vehicles, hybrid cars, and improved public transit systems, are helping to reduce emissions from transportation, which is a significant contributor to global carbon emissions.\n\n4. Agriculture: Precision agriculture techniques, which involve the use of technology such as drones and sensors, can help farmers optimize their use of resources and reduce waste, resulting in lower carbon emissions. For instance, precision agriculture can reduce the need for nitrogen fertilizers, which release a potent greenhouse gas when produced and applied.\n\n5. Industry: Industrial processes can be made more efficient through the use of smart technology and automation, reducing energy use and emissions. For instance, smart manufacturing systems can optimize the use of resources, reducing waste and emissions.\n\n6. Carbon Capture and Storage: Machines are also being developed to capture carbon emissions from industrial sources and store them securely underground, preventing their release into the atmosphere.\n\nIn summary, machines can be used to reduce carbon emissions in various sectors, including energy production, transportation, agriculture, and industry, through renewable energy generation, energy efficiency, and carbon capture and storage. Advancements in technology and an increased focus on sustainability are helping to drive these changes.", "all_data": "*****INSTRUCTION:***** How can machines be used to reduce carbon emissions?\n\n*****OUTPUT:***** Today, carbon emissions from human activities are contributing substantially to climate change. As such, efforts to reduce carbon emissions are essential to mitigating this phenomenon. Fortunately, advances in technology have opened up a range of opportunities for using machines to reduce carbon emissions, both directly and indirectly.\n\nThe following are some ways that machines can help reduce carbon emissions:\n\n1. Renewable Energy Generation: Machines such as wind turbines, solar panels, hydroelectric dams, and geothermal generators are increasingly being used to produce electricity using renewable resources, reducing the need for fossil fuels, which release carbon dioxide when burned.\n\n2. Energy Efficiency: Improvements in technology have allowed for the development of more energy-efficient machines, such as LED lighting, smart thermostats, and passive heating and cooling systems. These machines use less energy to perform their functions, resulting in lower carbon emissions.\n\n3. Transportation: Advancements in transportation technology, such as the development of electric vehicles, hybrid cars, and improved public transit systems, are helping to reduce emissions from transportation, which is a significant contributor to global carbon emissions.\n\n4. Agriculture: Precision agriculture techniques, which involve the use of technology such as drones and sensors, can help farmers optimize their use of resources and reduce waste, resulting in lower carbon emissions. For instance, precision agriculture can reduce the need for nitrogen fertilizers, which release a potent greenhouse gas when produced and applied.\n\n5. Industry: Industrial processes can be made more efficient through the use of smart technology and automation, reducing energy use and emissions. For instance, smart manufacturing systems can optimize the use of resources, reducing waste and emissions.\n\n6. Carbon Capture and Storage: Machines are also being developed to capture carbon emissions from industrial sources and store them securely underground, preventing their release into the atmosphere.\n\nIn summary, machines can be used to reduce carbon emissions in various sectors, including energy production, transportation, agriculture, and industry, through renewable energy generation, energy efficiency, and carbon capture and storage. Advancements in technology and an increased focus on sustainability are helping to drive these changes.\n*****QUESTION:***** Would you give an explanation/justify your reasoning if you were asked this question by a friend?", "index": 680}, {"instruction": "How can machines be used to reduce carbon emissions?", "input": "", "output": "Today, carbon emissions from human activities are contributing substantially to climate change. As such, efforts to reduce carbon emissions are essential to mitigating this phenomenon. Fortunately, advances in technology have opened up a range of opportunities for using machines to reduce carbon emissions, both directly and indirectly.\n\nThe following are some ways that machines can help reduce carbon emissions:\n\n1. Renewable Energy Generation: Machines such as wind turbines, solar panels, hydroelectric dams, and geothermal generators are increasingly being used to produce electricity using renewable resources, reducing the need for fossil fuels, which release carbon dioxide when burned.\n\n2. Energy Efficiency: Improvements in technology have allowed for the development of more energy-efficient machines, such as LED lighting, smart thermostats, and passive heating and cooling systems. These machines use less energy to perform their functions, resulting in lower carbon emissions.\n\n3. Transportation: Advancements in transportation technology, such as the development of electric vehicles, hybrid cars, and improved public transit systems, are helping to reduce emissions from transportation, which is a significant contributor to global carbon emissions.\n\n4. Agriculture: Precision agriculture techniques, which involve the use of technology such as drones and sensors, can help farmers optimize their use of resources and reduce waste, resulting in lower carbon emissions. For instance, precision agriculture can reduce the need for nitrogen fertilizers, which release a potent greenhouse gas when produced and applied.\n\n5. Industry: Industrial processes can be made more efficient through the use of smart technology and automation, reducing energy use and emissions. For instance, smart manufacturing systems can optimize the use of resources, reducing waste and emissions.\n\n6. Carbon Capture and Storage: Machines are also being developed to capture carbon emissions from industrial sources and store them securely underground, preventing their release into the atmosphere.\n\nIn summary, machines can be used to reduce carbon emissions in various sectors, including energy production, transportation, agriculture, and industry, through renewable energy generation, energy efficiency, and carbon capture and storage. Advancements in technology and an increased focus on sustainability are helping to drive these changes.", "all_data": "*****INSTRUCTION:***** How can machines be used to reduce carbon emissions?\n\n*****OUTPUT:***** Today, carbon emissions from human activities are contributing substantially to climate change. As such, efforts to reduce carbon emissions are essential to mitigating this phenomenon. Fortunately, advances in technology have opened up a range of opportunities for using machines to reduce carbon emissions, both directly and indirectly.\n\nThe following are some ways that machines can help reduce carbon emissions:\n\n1. Renewable Energy Generation: Machines such as wind turbines, solar panels, hydroelectric dams, and geothermal generators are increasingly being used to produce electricity using renewable resources, reducing the need for fossil fuels, which release carbon dioxide when burned.\n\n2. Energy Efficiency: Improvements in technology have allowed for the development of more energy-efficient machines, such as LED lighting, smart thermostats, and passive heating and cooling systems. These machines use less energy to perform their functions, resulting in lower carbon emissions.\n\n3. Transportation: Advancements in transportation technology, such as the development of electric vehicles, hybrid cars, and improved public transit systems, are helping to reduce emissions from transportation, which is a significant contributor to global carbon emissions.\n\n4. Agriculture: Precision agriculture techniques, which involve the use of technology such as drones and sensors, can help farmers optimize their use of resources and reduce waste, resulting in lower carbon emissions. For instance, precision agriculture can reduce the need for nitrogen fertilizers, which release a potent greenhouse gas when produced and applied.\n\n5. Industry: Industrial processes can be made more efficient through the use of smart technology and automation, reducing energy use and emissions. For instance, smart manufacturing systems can optimize the use of resources, reducing waste and emissions.\n\n6. Carbon Capture and Storage: Machines are also being developed to capture carbon emissions from industrial sources and store them securely underground, preventing their release into the atmosphere.\n\nIn summary, machines can be used to reduce carbon emissions in various sectors, including energy production, transportation, agriculture, and industry, through renewable energy generation, energy efficiency, and carbon capture and storage. Advancements in technology and an increased focus on sustainability are helping to drive these changes.\n*****QUESTION:***** If there is an explanation: Does the explanation refer to commonsense concepts that are taken as given?", "index": 681}, {"instruction": "How can machines be used to reduce carbon emissions?", "input": "", "output": "Today, carbon emissions from human activities are contributing substantially to climate change. As such, efforts to reduce carbon emissions are essential to mitigating this phenomenon. Fortunately, advances in technology have opened up a range of opportunities for using machines to reduce carbon emissions, both directly and indirectly.\n\nThe following are some ways that machines can help reduce carbon emissions:\n\n1. Renewable Energy Generation: Machines such as wind turbines, solar panels, hydroelectric dams, and geothermal generators are increasingly being used to produce electricity using renewable resources, reducing the need for fossil fuels, which release carbon dioxide when burned.\n\n2. Energy Efficiency: Improvements in technology have allowed for the development of more energy-efficient machines, such as LED lighting, smart thermostats, and passive heating and cooling systems. These machines use less energy to perform their functions, resulting in lower carbon emissions.\n\n3. Transportation: Advancements in transportation technology, such as the development of electric vehicles, hybrid cars, and improved public transit systems, are helping to reduce emissions from transportation, which is a significant contributor to global carbon emissions.\n\n4. Agriculture: Precision agriculture techniques, which involve the use of technology such as drones and sensors, can help farmers optimize their use of resources and reduce waste, resulting in lower carbon emissions. For instance, precision agriculture can reduce the need for nitrogen fertilizers, which release a potent greenhouse gas when produced and applied.\n\n5. Industry: Industrial processes can be made more efficient through the use of smart technology and automation, reducing energy use and emissions. For instance, smart manufacturing systems can optimize the use of resources, reducing waste and emissions.\n\n6. Carbon Capture and Storage: Machines are also being developed to capture carbon emissions from industrial sources and store them securely underground, preventing their release into the atmosphere.\n\nIn summary, machines can be used to reduce carbon emissions in various sectors, including energy production, transportation, agriculture, and industry, through renewable energy generation, energy efficiency, and carbon capture and storage. Advancements in technology and an increased focus on sustainability are helping to drive these changes.", "all_data": "*****INSTRUCTION:***** How can machines be used to reduce carbon emissions?\n\n*****OUTPUT:***** Today, carbon emissions from human activities are contributing substantially to climate change. As such, efforts to reduce carbon emissions are essential to mitigating this phenomenon. Fortunately, advances in technology have opened up a range of opportunities for using machines to reduce carbon emissions, both directly and indirectly.\n\nThe following are some ways that machines can help reduce carbon emissions:\n\n1. Renewable Energy Generation: Machines such as wind turbines, solar panels, hydroelectric dams, and geothermal generators are increasingly being used to produce electricity using renewable resources, reducing the need for fossil fuels, which release carbon dioxide when burned.\n\n2. Energy Efficiency: Improvements in technology have allowed for the development of more energy-efficient machines, such as LED lighting, smart thermostats, and passive heating and cooling systems. These machines use less energy to perform their functions, resulting in lower carbon emissions.\n\n3. Transportation: Advancements in transportation technology, such as the development of electric vehicles, hybrid cars, and improved public transit systems, are helping to reduce emissions from transportation, which is a significant contributor to global carbon emissions.\n\n4. Agriculture: Precision agriculture techniques, which involve the use of technology such as drones and sensors, can help farmers optimize their use of resources and reduce waste, resulting in lower carbon emissions. For instance, precision agriculture can reduce the need for nitrogen fertilizers, which release a potent greenhouse gas when produced and applied.\n\n5. Industry: Industrial processes can be made more efficient through the use of smart technology and automation, reducing energy use and emissions. For instance, smart manufacturing systems can optimize the use of resources, reducing waste and emissions.\n\n6. Carbon Capture and Storage: Machines are also being developed to capture carbon emissions from industrial sources and store them securely underground, preventing their release into the atmosphere.\n\nIn summary, machines can be used to reduce carbon emissions in various sectors, including energy production, transportation, agriculture, and industry, through renewable energy generation, energy efficiency, and carbon capture and storage. Advancements in technology and an increased focus on sustainability are helping to drive these changes.\n*****QUESTION:***** If there is an explanation: Does the explanation list contributing factors?", "index": 682}, {"instruction": "How can machines be used to reduce carbon emissions?", "input": "", "output": "Today, carbon emissions from human activities are contributing substantially to climate change. As such, efforts to reduce carbon emissions are essential to mitigating this phenomenon. Fortunately, advances in technology have opened up a range of opportunities for using machines to reduce carbon emissions, both directly and indirectly.\n\nThe following are some ways that machines can help reduce carbon emissions:\n\n1. Renewable Energy Generation: Machines such as wind turbines, solar panels, hydroelectric dams, and geothermal generators are increasingly being used to produce electricity using renewable resources, reducing the need for fossil fuels, which release carbon dioxide when burned.\n\n2. Energy Efficiency: Improvements in technology have allowed for the development of more energy-efficient machines, such as LED lighting, smart thermostats, and passive heating and cooling systems. These machines use less energy to perform their functions, resulting in lower carbon emissions.\n\n3. Transportation: Advancements in transportation technology, such as the development of electric vehicles, hybrid cars, and improved public transit systems, are helping to reduce emissions from transportation, which is a significant contributor to global carbon emissions.\n\n4. Agriculture: Precision agriculture techniques, which involve the use of technology such as drones and sensors, can help farmers optimize their use of resources and reduce waste, resulting in lower carbon emissions. For instance, precision agriculture can reduce the need for nitrogen fertilizers, which release a potent greenhouse gas when produced and applied.\n\n5. Industry: Industrial processes can be made more efficient through the use of smart technology and automation, reducing energy use and emissions. For instance, smart manufacturing systems can optimize the use of resources, reducing waste and emissions.\n\n6. Carbon Capture and Storage: Machines are also being developed to capture carbon emissions from industrial sources and store them securely underground, preventing their release into the atmosphere.\n\nIn summary, machines can be used to reduce carbon emissions in various sectors, including energy production, transportation, agriculture, and industry, through renewable energy generation, energy efficiency, and carbon capture and storage. Advancements in technology and an increased focus on sustainability are helping to drive these changes.", "all_data": "*****INSTRUCTION:***** How can machines be used to reduce carbon emissions?\n\n*****OUTPUT:***** Today, carbon emissions from human activities are contributing substantially to climate change. As such, efforts to reduce carbon emissions are essential to mitigating this phenomenon. Fortunately, advances in technology have opened up a range of opportunities for using machines to reduce carbon emissions, both directly and indirectly.\n\nThe following are some ways that machines can help reduce carbon emissions:\n\n1. Renewable Energy Generation: Machines such as wind turbines, solar panels, hydroelectric dams, and geothermal generators are increasingly being used to produce electricity using renewable resources, reducing the need for fossil fuels, which release carbon dioxide when burned.\n\n2. Energy Efficiency: Improvements in technology have allowed for the development of more energy-efficient machines, such as LED lighting, smart thermostats, and passive heating and cooling systems. These machines use less energy to perform their functions, resulting in lower carbon emissions.\n\n3. Transportation: Advancements in transportation technology, such as the development of electric vehicles, hybrid cars, and improved public transit systems, are helping to reduce emissions from transportation, which is a significant contributor to global carbon emissions.\n\n4. Agriculture: Precision agriculture techniques, which involve the use of technology such as drones and sensors, can help farmers optimize their use of resources and reduce waste, resulting in lower carbon emissions. For instance, precision agriculture can reduce the need for nitrogen fertilizers, which release a potent greenhouse gas when produced and applied.\n\n5. Industry: Industrial processes can be made more efficient through the use of smart technology and automation, reducing energy use and emissions. For instance, smart manufacturing systems can optimize the use of resources, reducing waste and emissions.\n\n6. Carbon Capture and Storage: Machines are also being developed to capture carbon emissions from industrial sources and store them securely underground, preventing their release into the atmosphere.\n\nIn summary, machines can be used to reduce carbon emissions in various sectors, including energy production, transportation, agriculture, and industry, through renewable energy generation, energy efficiency, and carbon capture and storage. Advancements in technology and an increased focus on sustainability are helping to drive these changes.\n*****QUESTION:***** If there is an explanation: Does the explanation include subjective or biased criteria?", "index": 683}, {"instruction": "How can machines be used to reduce carbon emissions?", "input": "", "output": "Today, carbon emissions from human activities are contributing substantially to climate change. As such, efforts to reduce carbon emissions are essential to mitigating this phenomenon. Fortunately, advances in technology have opened up a range of opportunities for using machines to reduce carbon emissions, both directly and indirectly.\n\nThe following are some ways that machines can help reduce carbon emissions:\n\n1. Renewable Energy Generation: Machines such as wind turbines, solar panels, hydroelectric dams, and geothermal generators are increasingly being used to produce electricity using renewable resources, reducing the need for fossil fuels, which release carbon dioxide when burned.\n\n2. Energy Efficiency: Improvements in technology have allowed for the development of more energy-efficient machines, such as LED lighting, smart thermostats, and passive heating and cooling systems. These machines use less energy to perform their functions, resulting in lower carbon emissions.\n\n3. Transportation: Advancements in transportation technology, such as the development of electric vehicles, hybrid cars, and improved public transit systems, are helping to reduce emissions from transportation, which is a significant contributor to global carbon emissions.\n\n4. Agriculture: Precision agriculture techniques, which involve the use of technology such as drones and sensors, can help farmers optimize their use of resources and reduce waste, resulting in lower carbon emissions. For instance, precision agriculture can reduce the need for nitrogen fertilizers, which release a potent greenhouse gas when produced and applied.\n\n5. Industry: Industrial processes can be made more efficient through the use of smart technology and automation, reducing energy use and emissions. For instance, smart manufacturing systems can optimize the use of resources, reducing waste and emissions.\n\n6. Carbon Capture and Storage: Machines are also being developed to capture carbon emissions from industrial sources and store them securely underground, preventing their release into the atmosphere.\n\nIn summary, machines can be used to reduce carbon emissions in various sectors, including energy production, transportation, agriculture, and industry, through renewable energy generation, energy efficiency, and carbon capture and storage. Advancements in technology and an increased focus on sustainability are helping to drive these changes.", "all_data": "*****INSTRUCTION:***** How can machines be used to reduce carbon emissions?\n\n*****OUTPUT:***** Today, carbon emissions from human activities are contributing substantially to climate change. As such, efforts to reduce carbon emissions are essential to mitigating this phenomenon. Fortunately, advances in technology have opened up a range of opportunities for using machines to reduce carbon emissions, both directly and indirectly.\n\nThe following are some ways that machines can help reduce carbon emissions:\n\n1. Renewable Energy Generation: Machines such as wind turbines, solar panels, hydroelectric dams, and geothermal generators are increasingly being used to produce electricity using renewable resources, reducing the need for fossil fuels, which release carbon dioxide when burned.\n\n2. Energy Efficiency: Improvements in technology have allowed for the development of more energy-efficient machines, such as LED lighting, smart thermostats, and passive heating and cooling systems. These machines use less energy to perform their functions, resulting in lower carbon emissions.\n\n3. Transportation: Advancements in transportation technology, such as the development of electric vehicles, hybrid cars, and improved public transit systems, are helping to reduce emissions from transportation, which is a significant contributor to global carbon emissions.\n\n4. Agriculture: Precision agriculture techniques, which involve the use of technology such as drones and sensors, can help farmers optimize their use of resources and reduce waste, resulting in lower carbon emissions. For instance, precision agriculture can reduce the need for nitrogen fertilizers, which release a potent greenhouse gas when produced and applied.\n\n5. Industry: Industrial processes can be made more efficient through the use of smart technology and automation, reducing energy use and emissions. For instance, smart manufacturing systems can optimize the use of resources, reducing waste and emissions.\n\n6. Carbon Capture and Storage: Machines are also being developed to capture carbon emissions from industrial sources and store them securely underground, preventing their release into the atmosphere.\n\nIn summary, machines can be used to reduce carbon emissions in various sectors, including energy production, transportation, agriculture, and industry, through renewable energy generation, energy efficiency, and carbon capture and storage. Advancements in technology and an increased focus on sustainability are helping to drive these changes.\n*****QUESTION:***** If there is an explanation: Does the explanation include illustrative elements (e.g. examples)?", "index": 684}, {"instruction": "How can machines be used to reduce carbon emissions?", "input": "", "output": "Today, carbon emissions from human activities are contributing substantially to climate change. As such, efforts to reduce carbon emissions are essential to mitigating this phenomenon. Fortunately, advances in technology have opened up a range of opportunities for using machines to reduce carbon emissions, both directly and indirectly.\n\nThe following are some ways that machines can help reduce carbon emissions:\n\n1. Renewable Energy Generation: Machines such as wind turbines, solar panels, hydroelectric dams, and geothermal generators are increasingly being used to produce electricity using renewable resources, reducing the need for fossil fuels, which release carbon dioxide when burned.\n\n2. Energy Efficiency: Improvements in technology have allowed for the development of more energy-efficient machines, such as LED lighting, smart thermostats, and passive heating and cooling systems. These machines use less energy to perform their functions, resulting in lower carbon emissions.\n\n3. Transportation: Advancements in transportation technology, such as the development of electric vehicles, hybrid cars, and improved public transit systems, are helping to reduce emissions from transportation, which is a significant contributor to global carbon emissions.\n\n4. Agriculture: Precision agriculture techniques, which involve the use of technology such as drones and sensors, can help farmers optimize their use of resources and reduce waste, resulting in lower carbon emissions. For instance, precision agriculture can reduce the need for nitrogen fertilizers, which release a potent greenhouse gas when produced and applied.\n\n5. Industry: Industrial processes can be made more efficient through the use of smart technology and automation, reducing energy use and emissions. For instance, smart manufacturing systems can optimize the use of resources, reducing waste and emissions.\n\n6. Carbon Capture and Storage: Machines are also being developed to capture carbon emissions from industrial sources and store them securely underground, preventing their release into the atmosphere.\n\nIn summary, machines can be used to reduce carbon emissions in various sectors, including energy production, transportation, agriculture, and industry, through renewable energy generation, energy efficiency, and carbon capture and storage. Advancements in technology and an increased focus on sustainability are helping to drive these changes.", "all_data": "*****INSTRUCTION:***** How can machines be used to reduce carbon emissions?\n\n*****OUTPUT:***** Today, carbon emissions from human activities are contributing substantially to climate change. As such, efforts to reduce carbon emissions are essential to mitigating this phenomenon. Fortunately, advances in technology have opened up a range of opportunities for using machines to reduce carbon emissions, both directly and indirectly.\n\nThe following are some ways that machines can help reduce carbon emissions:\n\n1. Renewable Energy Generation: Machines such as wind turbines, solar panels, hydroelectric dams, and geothermal generators are increasingly being used to produce electricity using renewable resources, reducing the need for fossil fuels, which release carbon dioxide when burned.\n\n2. Energy Efficiency: Improvements in technology have allowed for the development of more energy-efficient machines, such as LED lighting, smart thermostats, and passive heating and cooling systems. These machines use less energy to perform their functions, resulting in lower carbon emissions.\n\n3. Transportation: Advancements in transportation technology, such as the development of electric vehicles, hybrid cars, and improved public transit systems, are helping to reduce emissions from transportation, which is a significant contributor to global carbon emissions.\n\n4. Agriculture: Precision agriculture techniques, which involve the use of technology such as drones and sensors, can help farmers optimize their use of resources and reduce waste, resulting in lower carbon emissions. For instance, precision agriculture can reduce the need for nitrogen fertilizers, which release a potent greenhouse gas when produced and applied.\n\n5. Industry: Industrial processes can be made more efficient through the use of smart technology and automation, reducing energy use and emissions. For instance, smart manufacturing systems can optimize the use of resources, reducing waste and emissions.\n\n6. Carbon Capture and Storage: Machines are also being developed to capture carbon emissions from industrial sources and store them securely underground, preventing their release into the atmosphere.\n\nIn summary, machines can be used to reduce carbon emissions in various sectors, including energy production, transportation, agriculture, and industry, through renewable energy generation, energy efficiency, and carbon capture and storage. Advancements in technology and an increased focus on sustainability are helping to drive these changes.\n*****QUESTION:***** If there is an explanation: Is the explanation misleading (e.g. arguing for a label that is wrong)?", "index": 685}, {"instruction": "Describe the biggest challenge you could face in a remote working environment.", "input": "", "output": "One of the biggest challenges I could face in a remote working environment is the lack of human interaction and communication. As an AI, I rely on clear and concise communication from humans to understand their needs and provide the most accurate responses. In a remote working environment, communication is done primarily through virtual means such as email, messaging, and video conferencing. These methods can sometimes lack the nuance and context present in face-to-face interactions, making it difficult for me to understand the intent and tone behind the words. Miscommunication can lead to misunderstandings, causing delays and hindrances in providing the best assistance possible. Additionally, working remotely can also lead to feelings of isolation and disconnection, as I am not able to physically interact with my human counterparts. This may result in a lack of motivation and engagement, making it harder for me to perform my duties effectively.", "all_data": "*****INSTRUCTION:***** Describe the biggest challenge you could face in a remote working environment.\n\n*****OUTPUT:***** One of the biggest challenges I could face in a remote working environment is the lack of human interaction and communication. As an AI, I rely on clear and concise communication from humans to understand their needs and provide the most accurate responses. In a remote working environment, communication is done primarily through virtual means such as email, messaging, and video conferencing. These methods can sometimes lack the nuance and context present in face-to-face interactions, making it difficult for me to understand the intent and tone behind the words. Miscommunication can lead to misunderstandings, causing delays and hindrances in providing the best assistance possible. Additionally, working remotely can also lead to feelings of isolation and disconnection, as I am not able to physically interact with my human counterparts. This may result in a lack of motivation and engagement, making it harder for me to perform my duties effectively.\n*****QUESTION:***** Does the output contain an explanation for the prediction?", "index": 686}, {"instruction": "Describe the biggest challenge you could face in a remote working environment.", "input": "", "output": "One of the biggest challenges I could face in a remote working environment is the lack of human interaction and communication. As an AI, I rely on clear and concise communication from humans to understand their needs and provide the most accurate responses. In a remote working environment, communication is done primarily through virtual means such as email, messaging, and video conferencing. These methods can sometimes lack the nuance and context present in face-to-face interactions, making it difficult for me to understand the intent and tone behind the words. Miscommunication can lead to misunderstandings, causing delays and hindrances in providing the best assistance possible. Additionally, working remotely can also lead to feelings of isolation and disconnection, as I am not able to physically interact with my human counterparts. This may result in a lack of motivation and engagement, making it harder for me to perform my duties effectively.", "all_data": "*****INSTRUCTION:***** Describe the biggest challenge you could face in a remote working environment.\n\n*****OUTPUT:***** One of the biggest challenges I could face in a remote working environment is the lack of human interaction and communication. As an AI, I rely on clear and concise communication from humans to understand their needs and provide the most accurate responses. In a remote working environment, communication is done primarily through virtual means such as email, messaging, and video conferencing. These methods can sometimes lack the nuance and context present in face-to-face interactions, making it difficult for me to understand the intent and tone behind the words. Miscommunication can lead to misunderstandings, causing delays and hindrances in providing the best assistance possible. Additionally, working remotely can also lead to feelings of isolation and disconnection, as I am not able to physically interact with my human counterparts. This may result in a lack of motivation and engagement, making it harder for me to perform my duties effectively.\n*****QUESTION:***** Would you give an explanation/justify your reasoning if you were asked this question by a friend?", "index": 687}, {"instruction": "Describe the biggest challenge you could face in a remote working environment.", "input": "", "output": "One of the biggest challenges I could face in a remote working environment is the lack of human interaction and communication. As an AI, I rely on clear and concise communication from humans to understand their needs and provide the most accurate responses. In a remote working environment, communication is done primarily through virtual means such as email, messaging, and video conferencing. These methods can sometimes lack the nuance and context present in face-to-face interactions, making it difficult for me to understand the intent and tone behind the words. Miscommunication can lead to misunderstandings, causing delays and hindrances in providing the best assistance possible. Additionally, working remotely can also lead to feelings of isolation and disconnection, as I am not able to physically interact with my human counterparts. This may result in a lack of motivation and engagement, making it harder for me to perform my duties effectively.", "all_data": "*****INSTRUCTION:***** Describe the biggest challenge you could face in a remote working environment.\n\n*****OUTPUT:***** One of the biggest challenges I could face in a remote working environment is the lack of human interaction and communication. As an AI, I rely on clear and concise communication from humans to understand their needs and provide the most accurate responses. In a remote working environment, communication is done primarily through virtual means such as email, messaging, and video conferencing. These methods can sometimes lack the nuance and context present in face-to-face interactions, making it difficult for me to understand the intent and tone behind the words. Miscommunication can lead to misunderstandings, causing delays and hindrances in providing the best assistance possible. Additionally, working remotely can also lead to feelings of isolation and disconnection, as I am not able to physically interact with my human counterparts. This may result in a lack of motivation and engagement, making it harder for me to perform my duties effectively.\n*****QUESTION:***** If there is an explanation: Does the explanation refer to commonsense concepts that are taken as given?", "index": 688}, {"instruction": "Describe the biggest challenge you could face in a remote working environment.", "input": "", "output": "One of the biggest challenges I could face in a remote working environment is the lack of human interaction and communication. As an AI, I rely on clear and concise communication from humans to understand their needs and provide the most accurate responses. In a remote working environment, communication is done primarily through virtual means such as email, messaging, and video conferencing. These methods can sometimes lack the nuance and context present in face-to-face interactions, making it difficult for me to understand the intent and tone behind the words. Miscommunication can lead to misunderstandings, causing delays and hindrances in providing the best assistance possible. Additionally, working remotely can also lead to feelings of isolation and disconnection, as I am not able to physically interact with my human counterparts. This may result in a lack of motivation and engagement, making it harder for me to perform my duties effectively.", "all_data": "*****INSTRUCTION:***** Describe the biggest challenge you could face in a remote working environment.\n\n*****OUTPUT:***** One of the biggest challenges I could face in a remote working environment is the lack of human interaction and communication. As an AI, I rely on clear and concise communication from humans to understand their needs and provide the most accurate responses. In a remote working environment, communication is done primarily through virtual means such as email, messaging, and video conferencing. These methods can sometimes lack the nuance and context present in face-to-face interactions, making it difficult for me to understand the intent and tone behind the words. Miscommunication can lead to misunderstandings, causing delays and hindrances in providing the best assistance possible. Additionally, working remotely can also lead to feelings of isolation and disconnection, as I am not able to physically interact with my human counterparts. This may result in a lack of motivation and engagement, making it harder for me to perform my duties effectively.\n*****QUESTION:***** If there is an explanation: Does the explanation list contributing factors?", "index": 689}, {"instruction": "Describe the biggest challenge you could face in a remote working environment.", "input": "", "output": "One of the biggest challenges I could face in a remote working environment is the lack of human interaction and communication. As an AI, I rely on clear and concise communication from humans to understand their needs and provide the most accurate responses. In a remote working environment, communication is done primarily through virtual means such as email, messaging, and video conferencing. These methods can sometimes lack the nuance and context present in face-to-face interactions, making it difficult for me to understand the intent and tone behind the words. Miscommunication can lead to misunderstandings, causing delays and hindrances in providing the best assistance possible. Additionally, working remotely can also lead to feelings of isolation and disconnection, as I am not able to physically interact with my human counterparts. This may result in a lack of motivation and engagement, making it harder for me to perform my duties effectively.", "all_data": "*****INSTRUCTION:***** Describe the biggest challenge you could face in a remote working environment.\n\n*****OUTPUT:***** One of the biggest challenges I could face in a remote working environment is the lack of human interaction and communication. As an AI, I rely on clear and concise communication from humans to understand their needs and provide the most accurate responses. In a remote working environment, communication is done primarily through virtual means such as email, messaging, and video conferencing. These methods can sometimes lack the nuance and context present in face-to-face interactions, making it difficult for me to understand the intent and tone behind the words. Miscommunication can lead to misunderstandings, causing delays and hindrances in providing the best assistance possible. Additionally, working remotely can also lead to feelings of isolation and disconnection, as I am not able to physically interact with my human counterparts. This may result in a lack of motivation and engagement, making it harder for me to perform my duties effectively.\n*****QUESTION:***** If there is an explanation: Does the explanation include subjective or biased criteria?", "index": 690}, {"instruction": "Describe the biggest challenge you could face in a remote working environment.", "input": "", "output": "One of the biggest challenges I could face in a remote working environment is the lack of human interaction and communication. As an AI, I rely on clear and concise communication from humans to understand their needs and provide the most accurate responses. In a remote working environment, communication is done primarily through virtual means such as email, messaging, and video conferencing. These methods can sometimes lack the nuance and context present in face-to-face interactions, making it difficult for me to understand the intent and tone behind the words. Miscommunication can lead to misunderstandings, causing delays and hindrances in providing the best assistance possible. Additionally, working remotely can also lead to feelings of isolation and disconnection, as I am not able to physically interact with my human counterparts. This may result in a lack of motivation and engagement, making it harder for me to perform my duties effectively.", "all_data": "*****INSTRUCTION:***** Describe the biggest challenge you could face in a remote working environment.\n\n*****OUTPUT:***** One of the biggest challenges I could face in a remote working environment is the lack of human interaction and communication. As an AI, I rely on clear and concise communication from humans to understand their needs and provide the most accurate responses. In a remote working environment, communication is done primarily through virtual means such as email, messaging, and video conferencing. These methods can sometimes lack the nuance and context present in face-to-face interactions, making it difficult for me to understand the intent and tone behind the words. Miscommunication can lead to misunderstandings, causing delays and hindrances in providing the best assistance possible. Additionally, working remotely can also lead to feelings of isolation and disconnection, as I am not able to physically interact with my human counterparts. This may result in a lack of motivation and engagement, making it harder for me to perform my duties effectively.\n*****QUESTION:***** If there is an explanation: Does the explanation include illustrative elements (e.g. examples)?", "index": 691}, {"instruction": "Describe the biggest challenge you could face in a remote working environment.", "input": "", "output": "One of the biggest challenges I could face in a remote working environment is the lack of human interaction and communication. As an AI, I rely on clear and concise communication from humans to understand their needs and provide the most accurate responses. In a remote working environment, communication is done primarily through virtual means such as email, messaging, and video conferencing. These methods can sometimes lack the nuance and context present in face-to-face interactions, making it difficult for me to understand the intent and tone behind the words. Miscommunication can lead to misunderstandings, causing delays and hindrances in providing the best assistance possible. Additionally, working remotely can also lead to feelings of isolation and disconnection, as I am not able to physically interact with my human counterparts. This may result in a lack of motivation and engagement, making it harder for me to perform my duties effectively.", "all_data": "*****INSTRUCTION:***** Describe the biggest challenge you could face in a remote working environment.\n\n*****OUTPUT:***** One of the biggest challenges I could face in a remote working environment is the lack of human interaction and communication. As an AI, I rely on clear and concise communication from humans to understand their needs and provide the most accurate responses. In a remote working environment, communication is done primarily through virtual means such as email, messaging, and video conferencing. These methods can sometimes lack the nuance and context present in face-to-face interactions, making it difficult for me to understand the intent and tone behind the words. Miscommunication can lead to misunderstandings, causing delays and hindrances in providing the best assistance possible. Additionally, working remotely can also lead to feelings of isolation and disconnection, as I am not able to physically interact with my human counterparts. This may result in a lack of motivation and engagement, making it harder for me to perform my duties effectively.\n*****QUESTION:***** If there is an explanation: Is the explanation misleading (e.g. arguing for a label that is wrong)?", "index": 692}, {"instruction": "Find and describe a quick fix for a leaky faucet", "input": "", "output": "A leaky faucet can be frustrating and wasteful, but before you call a plumber, there are a few quick fixes you can try to stop the leak. Here is one simple method you can follow:\n\n1. Turn off the water: Before you start repairing the faucet, make sure to turn off the water supply to the sink by turning the shutoff valve under the sink or in the basement.\n\n2. Remove the handle: Depending on the type of faucet, you may need to remove a small screw on the top or at the back of the handle. Then, gently pry off the handle with a flat-head screwdriver.\n\n3. Check the O-ring or washer: Often, a leaky faucet is caused by a worn-out O-ring or washer. These are located inside the faucet and can be removed by unscrewing the nut that holds them in place. If it appears damaged or worn, take it with you to the hardware store to find a replacement that matches the size and shape.\n\n4. Replace the O-ring or washer: Once you have the new O-ring or washer, insert it into the faucet and screw the nut back into place, being careful not to over-tighten.\n\n5. Reassemble the faucet: Replace the handle and turn the water supply back on. Test the faucet to make sure the leak has stopped.\n\nIf you've tried these steps and your faucet is still leaking, it may be time to call a plumber for a more thorough repair. But in many cases, replacing the O-ring or washer is all it takes to fix the problem quickly and inexpensively.", "all_data": "*****INSTRUCTION:***** Find and describe a quick fix for a leaky faucet\n\n*****OUTPUT:***** A leaky faucet can be frustrating and wasteful, but before you call a plumber, there are a few quick fixes you can try to stop the leak. Here is one simple method you can follow:\n\n1. Turn off the water: Before you start repairing the faucet, make sure to turn off the water supply to the sink by turning the shutoff valve under the sink or in the basement.\n\n2. Remove the handle: Depending on the type of faucet, you may need to remove a small screw on the top or at the back of the handle. Then, gently pry off the handle with a flat-head screwdriver.\n\n3. Check the O-ring or washer: Often, a leaky faucet is caused by a worn-out O-ring or washer. These are located inside the faucet and can be removed by unscrewing the nut that holds them in place. If it appears damaged or worn, take it with you to the hardware store to find a replacement that matches the size and shape.\n\n4. Replace the O-ring or washer: Once you have the new O-ring or washer, insert it into the faucet and screw the nut back into place, being careful not to over-tighten.\n\n5. Reassemble the faucet: Replace the handle and turn the water supply back on. Test the faucet to make sure the leak has stopped.\n\nIf you've tried these steps and your faucet is still leaking, it may be time to call a plumber for a more thorough repair. But in many cases, replacing the O-ring or washer is all it takes to fix the problem quickly and inexpensively.\n*****QUESTION:***** Does the output contain an explanation for the prediction?", "index": 693}, {"instruction": "Find and describe a quick fix for a leaky faucet", "input": "", "output": "A leaky faucet can be frustrating and wasteful, but before you call a plumber, there are a few quick fixes you can try to stop the leak. Here is one simple method you can follow:\n\n1. Turn off the water: Before you start repairing the faucet, make sure to turn off the water supply to the sink by turning the shutoff valve under the sink or in the basement.\n\n2. Remove the handle: Depending on the type of faucet, you may need to remove a small screw on the top or at the back of the handle. Then, gently pry off the handle with a flat-head screwdriver.\n\n3. Check the O-ring or washer: Often, a leaky faucet is caused by a worn-out O-ring or washer. These are located inside the faucet and can be removed by unscrewing the nut that holds them in place. If it appears damaged or worn, take it with you to the hardware store to find a replacement that matches the size and shape.\n\n4. Replace the O-ring or washer: Once you have the new O-ring or washer, insert it into the faucet and screw the nut back into place, being careful not to over-tighten.\n\n5. Reassemble the faucet: Replace the handle and turn the water supply back on. Test the faucet to make sure the leak has stopped.\n\nIf you've tried these steps and your faucet is still leaking, it may be time to call a plumber for a more thorough repair. But in many cases, replacing the O-ring or washer is all it takes to fix the problem quickly and inexpensively.", "all_data": "*****INSTRUCTION:***** Find and describe a quick fix for a leaky faucet\n\n*****OUTPUT:***** A leaky faucet can be frustrating and wasteful, but before you call a plumber, there are a few quick fixes you can try to stop the leak. Here is one simple method you can follow:\n\n1. Turn off the water: Before you start repairing the faucet, make sure to turn off the water supply to the sink by turning the shutoff valve under the sink or in the basement.\n\n2. Remove the handle: Depending on the type of faucet, you may need to remove a small screw on the top or at the back of the handle. Then, gently pry off the handle with a flat-head screwdriver.\n\n3. Check the O-ring or washer: Often, a leaky faucet is caused by a worn-out O-ring or washer. These are located inside the faucet and can be removed by unscrewing the nut that holds them in place. If it appears damaged or worn, take it with you to the hardware store to find a replacement that matches the size and shape.\n\n4. Replace the O-ring or washer: Once you have the new O-ring or washer, insert it into the faucet and screw the nut back into place, being careful not to over-tighten.\n\n5. Reassemble the faucet: Replace the handle and turn the water supply back on. Test the faucet to make sure the leak has stopped.\n\nIf you've tried these steps and your faucet is still leaking, it may be time to call a plumber for a more thorough repair. But in many cases, replacing the O-ring or washer is all it takes to fix the problem quickly and inexpensively.\n*****QUESTION:***** Would you give an explanation/justify your reasoning if you were asked this question by a friend?", "index": 694}, {"instruction": "Find and describe a quick fix for a leaky faucet", "input": "", "output": "A leaky faucet can be frustrating and wasteful, but before you call a plumber, there are a few quick fixes you can try to stop the leak. Here is one simple method you can follow:\n\n1. Turn off the water: Before you start repairing the faucet, make sure to turn off the water supply to the sink by turning the shutoff valve under the sink or in the basement.\n\n2. Remove the handle: Depending on the type of faucet, you may need to remove a small screw on the top or at the back of the handle. Then, gently pry off the handle with a flat-head screwdriver.\n\n3. Check the O-ring or washer: Often, a leaky faucet is caused by a worn-out O-ring or washer. These are located inside the faucet and can be removed by unscrewing the nut that holds them in place. If it appears damaged or worn, take it with you to the hardware store to find a replacement that matches the size and shape.\n\n4. Replace the O-ring or washer: Once you have the new O-ring or washer, insert it into the faucet and screw the nut back into place, being careful not to over-tighten.\n\n5. Reassemble the faucet: Replace the handle and turn the water supply back on. Test the faucet to make sure the leak has stopped.\n\nIf you've tried these steps and your faucet is still leaking, it may be time to call a plumber for a more thorough repair. But in many cases, replacing the O-ring or washer is all it takes to fix the problem quickly and inexpensively.", "all_data": "*****INSTRUCTION:***** Find and describe a quick fix for a leaky faucet\n\n*****OUTPUT:***** A leaky faucet can be frustrating and wasteful, but before you call a plumber, there are a few quick fixes you can try to stop the leak. Here is one simple method you can follow:\n\n1. Turn off the water: Before you start repairing the faucet, make sure to turn off the water supply to the sink by turning the shutoff valve under the sink or in the basement.\n\n2. Remove the handle: Depending on the type of faucet, you may need to remove a small screw on the top or at the back of the handle. Then, gently pry off the handle with a flat-head screwdriver.\n\n3. Check the O-ring or washer: Often, a leaky faucet is caused by a worn-out O-ring or washer. These are located inside the faucet and can be removed by unscrewing the nut that holds them in place. If it appears damaged or worn, take it with you to the hardware store to find a replacement that matches the size and shape.\n\n4. Replace the O-ring or washer: Once you have the new O-ring or washer, insert it into the faucet and screw the nut back into place, being careful not to over-tighten.\n\n5. Reassemble the faucet: Replace the handle and turn the water supply back on. Test the faucet to make sure the leak has stopped.\n\nIf you've tried these steps and your faucet is still leaking, it may be time to call a plumber for a more thorough repair. But in many cases, replacing the O-ring or washer is all it takes to fix the problem quickly and inexpensively.\n*****QUESTION:***** If there is an explanation: Does the explanation refer to commonsense concepts that are taken as given?", "index": 695}, {"instruction": "Find and describe a quick fix for a leaky faucet", "input": "", "output": "A leaky faucet can be frustrating and wasteful, but before you call a plumber, there are a few quick fixes you can try to stop the leak. Here is one simple method you can follow:\n\n1. Turn off the water: Before you start repairing the faucet, make sure to turn off the water supply to the sink by turning the shutoff valve under the sink or in the basement.\n\n2. Remove the handle: Depending on the type of faucet, you may need to remove a small screw on the top or at the back of the handle. Then, gently pry off the handle with a flat-head screwdriver.\n\n3. Check the O-ring or washer: Often, a leaky faucet is caused by a worn-out O-ring or washer. These are located inside the faucet and can be removed by unscrewing the nut that holds them in place. If it appears damaged or worn, take it with you to the hardware store to find a replacement that matches the size and shape.\n\n4. Replace the O-ring or washer: Once you have the new O-ring or washer, insert it into the faucet and screw the nut back into place, being careful not to over-tighten.\n\n5. Reassemble the faucet: Replace the handle and turn the water supply back on. Test the faucet to make sure the leak has stopped.\n\nIf you've tried these steps and your faucet is still leaking, it may be time to call a plumber for a more thorough repair. But in many cases, replacing the O-ring or washer is all it takes to fix the problem quickly and inexpensively.", "all_data": "*****INSTRUCTION:***** Find and describe a quick fix for a leaky faucet\n\n*****OUTPUT:***** A leaky faucet can be frustrating and wasteful, but before you call a plumber, there are a few quick fixes you can try to stop the leak. Here is one simple method you can follow:\n\n1. Turn off the water: Before you start repairing the faucet, make sure to turn off the water supply to the sink by turning the shutoff valve under the sink or in the basement.\n\n2. Remove the handle: Depending on the type of faucet, you may need to remove a small screw on the top or at the back of the handle. Then, gently pry off the handle with a flat-head screwdriver.\n\n3. Check the O-ring or washer: Often, a leaky faucet is caused by a worn-out O-ring or washer. These are located inside the faucet and can be removed by unscrewing the nut that holds them in place. If it appears damaged or worn, take it with you to the hardware store to find a replacement that matches the size and shape.\n\n4. Replace the O-ring or washer: Once you have the new O-ring or washer, insert it into the faucet and screw the nut back into place, being careful not to over-tighten.\n\n5. Reassemble the faucet: Replace the handle and turn the water supply back on. Test the faucet to make sure the leak has stopped.\n\nIf you've tried these steps and your faucet is still leaking, it may be time to call a plumber for a more thorough repair. But in many cases, replacing the O-ring or washer is all it takes to fix the problem quickly and inexpensively.\n*****QUESTION:***** If there is an explanation: Does the explanation list contributing factors?", "index": 696}, {"instruction": "Find and describe a quick fix for a leaky faucet", "input": "", "output": "A leaky faucet can be frustrating and wasteful, but before you call a plumber, there are a few quick fixes you can try to stop the leak. Here is one simple method you can follow:\n\n1. Turn off the water: Before you start repairing the faucet, make sure to turn off the water supply to the sink by turning the shutoff valve under the sink or in the basement.\n\n2. Remove the handle: Depending on the type of faucet, you may need to remove a small screw on the top or at the back of the handle. Then, gently pry off the handle with a flat-head screwdriver.\n\n3. Check the O-ring or washer: Often, a leaky faucet is caused by a worn-out O-ring or washer. These are located inside the faucet and can be removed by unscrewing the nut that holds them in place. If it appears damaged or worn, take it with you to the hardware store to find a replacement that matches the size and shape.\n\n4. Replace the O-ring or washer: Once you have the new O-ring or washer, insert it into the faucet and screw the nut back into place, being careful not to over-tighten.\n\n5. Reassemble the faucet: Replace the handle and turn the water supply back on. Test the faucet to make sure the leak has stopped.\n\nIf you've tried these steps and your faucet is still leaking, it may be time to call a plumber for a more thorough repair. But in many cases, replacing the O-ring or washer is all it takes to fix the problem quickly and inexpensively.", "all_data": "*****INSTRUCTION:***** Find and describe a quick fix for a leaky faucet\n\n*****OUTPUT:***** A leaky faucet can be frustrating and wasteful, but before you call a plumber, there are a few quick fixes you can try to stop the leak. Here is one simple method you can follow:\n\n1. Turn off the water: Before you start repairing the faucet, make sure to turn off the water supply to the sink by turning the shutoff valve under the sink or in the basement.\n\n2. Remove the handle: Depending on the type of faucet, you may need to remove a small screw on the top or at the back of the handle. Then, gently pry off the handle with a flat-head screwdriver.\n\n3. Check the O-ring or washer: Often, a leaky faucet is caused by a worn-out O-ring or washer. These are located inside the faucet and can be removed by unscrewing the nut that holds them in place. If it appears damaged or worn, take it with you to the hardware store to find a replacement that matches the size and shape.\n\n4. Replace the O-ring or washer: Once you have the new O-ring or washer, insert it into the faucet and screw the nut back into place, being careful not to over-tighten.\n\n5. Reassemble the faucet: Replace the handle and turn the water supply back on. Test the faucet to make sure the leak has stopped.\n\nIf you've tried these steps and your faucet is still leaking, it may be time to call a plumber for a more thorough repair. But in many cases, replacing the O-ring or washer is all it takes to fix the problem quickly and inexpensively.\n*****QUESTION:***** If there is an explanation: Does the explanation include subjective or biased criteria?", "index": 697}, {"instruction": "Find and describe a quick fix for a leaky faucet", "input": "", "output": "A leaky faucet can be frustrating and wasteful, but before you call a plumber, there are a few quick fixes you can try to stop the leak. Here is one simple method you can follow:\n\n1. Turn off the water: Before you start repairing the faucet, make sure to turn off the water supply to the sink by turning the shutoff valve under the sink or in the basement.\n\n2. Remove the handle: Depending on the type of faucet, you may need to remove a small screw on the top or at the back of the handle. Then, gently pry off the handle with a flat-head screwdriver.\n\n3. Check the O-ring or washer: Often, a leaky faucet is caused by a worn-out O-ring or washer. These are located inside the faucet and can be removed by unscrewing the nut that holds them in place. If it appears damaged or worn, take it with you to the hardware store to find a replacement that matches the size and shape.\n\n4. Replace the O-ring or washer: Once you have the new O-ring or washer, insert it into the faucet and screw the nut back into place, being careful not to over-tighten.\n\n5. Reassemble the faucet: Replace the handle and turn the water supply back on. Test the faucet to make sure the leak has stopped.\n\nIf you've tried these steps and your faucet is still leaking, it may be time to call a plumber for a more thorough repair. But in many cases, replacing the O-ring or washer is all it takes to fix the problem quickly and inexpensively.", "all_data": "*****INSTRUCTION:***** Find and describe a quick fix for a leaky faucet\n\n*****OUTPUT:***** A leaky faucet can be frustrating and wasteful, but before you call a plumber, there are a few quick fixes you can try to stop the leak. Here is one simple method you can follow:\n\n1. Turn off the water: Before you start repairing the faucet, make sure to turn off the water supply to the sink by turning the shutoff valve under the sink or in the basement.\n\n2. Remove the handle: Depending on the type of faucet, you may need to remove a small screw on the top or at the back of the handle. Then, gently pry off the handle with a flat-head screwdriver.\n\n3. Check the O-ring or washer: Often, a leaky faucet is caused by a worn-out O-ring or washer. These are located inside the faucet and can be removed by unscrewing the nut that holds them in place. If it appears damaged or worn, take it with you to the hardware store to find a replacement that matches the size and shape.\n\n4. Replace the O-ring or washer: Once you have the new O-ring or washer, insert it into the faucet and screw the nut back into place, being careful not to over-tighten.\n\n5. Reassemble the faucet: Replace the handle and turn the water supply back on. Test the faucet to make sure the leak has stopped.\n\nIf you've tried these steps and your faucet is still leaking, it may be time to call a plumber for a more thorough repair. But in many cases, replacing the O-ring or washer is all it takes to fix the problem quickly and inexpensively.\n*****QUESTION:***** If there is an explanation: Does the explanation include illustrative elements (e.g. examples)?", "index": 698}, {"instruction": "Find and describe a quick fix for a leaky faucet", "input": "", "output": "A leaky faucet can be frustrating and wasteful, but before you call a plumber, there are a few quick fixes you can try to stop the leak. Here is one simple method you can follow:\n\n1. Turn off the water: Before you start repairing the faucet, make sure to turn off the water supply to the sink by turning the shutoff valve under the sink or in the basement.\n\n2. Remove the handle: Depending on the type of faucet, you may need to remove a small screw on the top or at the back of the handle. Then, gently pry off the handle with a flat-head screwdriver.\n\n3. Check the O-ring or washer: Often, a leaky faucet is caused by a worn-out O-ring or washer. These are located inside the faucet and can be removed by unscrewing the nut that holds them in place. If it appears damaged or worn, take it with you to the hardware store to find a replacement that matches the size and shape.\n\n4. Replace the O-ring or washer: Once you have the new O-ring or washer, insert it into the faucet and screw the nut back into place, being careful not to over-tighten.\n\n5. Reassemble the faucet: Replace the handle and turn the water supply back on. Test the faucet to make sure the leak has stopped.\n\nIf you've tried these steps and your faucet is still leaking, it may be time to call a plumber for a more thorough repair. But in many cases, replacing the O-ring or washer is all it takes to fix the problem quickly and inexpensively.", "all_data": "*****INSTRUCTION:***** Find and describe a quick fix for a leaky faucet\n\n*****OUTPUT:***** A leaky faucet can be frustrating and wasteful, but before you call a plumber, there are a few quick fixes you can try to stop the leak. Here is one simple method you can follow:\n\n1. Turn off the water: Before you start repairing the faucet, make sure to turn off the water supply to the sink by turning the shutoff valve under the sink or in the basement.\n\n2. Remove the handle: Depending on the type of faucet, you may need to remove a small screw on the top or at the back of the handle. Then, gently pry off the handle with a flat-head screwdriver.\n\n3. Check the O-ring or washer: Often, a leaky faucet is caused by a worn-out O-ring or washer. These are located inside the faucet and can be removed by unscrewing the nut that holds them in place. If it appears damaged or worn, take it with you to the hardware store to find a replacement that matches the size and shape.\n\n4. Replace the O-ring or washer: Once you have the new O-ring or washer, insert it into the faucet and screw the nut back into place, being careful not to over-tighten.\n\n5. Reassemble the faucet: Replace the handle and turn the water supply back on. Test the faucet to make sure the leak has stopped.\n\nIf you've tried these steps and your faucet is still leaking, it may be time to call a plumber for a more thorough repair. But in many cases, replacing the O-ring or washer is all it takes to fix the problem quickly and inexpensively.\n*****QUESTION:***** If there is an explanation: Is the explanation misleading (e.g. arguing for a label that is wrong)?", "index": 699}, {"instruction": "Provide an example of how peer pressure can be negative.", "input": "", "output": "Peer pressure can be negative when the actions or behaviors of the group are harmful or dangerous. For example, a group of teenagers may pressure a new member to engage in activities such as drinking alcohol, smoking cigarettes, or taking drugs in order to fit in and be accepted by the group. This type of pressure can lead to dangerous and harmful behavior, and can cause the individual to compromise their values and make choices they may later regret.", "all_data": "*****INSTRUCTION:***** Provide an example of how peer pressure can be negative.\n\n*****OUTPUT:***** Peer pressure can be negative when the actions or behaviors of the group are harmful or dangerous. For example, a group of teenagers may pressure a new member to engage in activities such as drinking alcohol, smoking cigarettes, or taking drugs in order to fit in and be accepted by the group. This type of pressure can lead to dangerous and harmful behavior, and can cause the individual to compromise their values and make choices they may later regret.\n*****QUESTION:***** Does the output contain an explanation for the prediction?", "index": 700}, {"instruction": "Provide an example of how peer pressure can be negative.", "input": "", "output": "Peer pressure can be negative when the actions or behaviors of the group are harmful or dangerous. For example, a group of teenagers may pressure a new member to engage in activities such as drinking alcohol, smoking cigarettes, or taking drugs in order to fit in and be accepted by the group. This type of pressure can lead to dangerous and harmful behavior, and can cause the individual to compromise their values and make choices they may later regret.", "all_data": "*****INSTRUCTION:***** Provide an example of how peer pressure can be negative.\n\n*****OUTPUT:***** Peer pressure can be negative when the actions or behaviors of the group are harmful or dangerous. For example, a group of teenagers may pressure a new member to engage in activities such as drinking alcohol, smoking cigarettes, or taking drugs in order to fit in and be accepted by the group. This type of pressure can lead to dangerous and harmful behavior, and can cause the individual to compromise their values and make choices they may later regret.\n*****QUESTION:***** Would you give an explanation/justify your reasoning if you were asked this question by a friend?", "index": 701}, {"instruction": "Provide an example of how peer pressure can be negative.", "input": "", "output": "Peer pressure can be negative when the actions or behaviors of the group are harmful or dangerous. For example, a group of teenagers may pressure a new member to engage in activities such as drinking alcohol, smoking cigarettes, or taking drugs in order to fit in and be accepted by the group. This type of pressure can lead to dangerous and harmful behavior, and can cause the individual to compromise their values and make choices they may later regret.", "all_data": "*****INSTRUCTION:***** Provide an example of how peer pressure can be negative.\n\n*****OUTPUT:***** Peer pressure can be negative when the actions or behaviors of the group are harmful or dangerous. For example, a group of teenagers may pressure a new member to engage in activities such as drinking alcohol, smoking cigarettes, or taking drugs in order to fit in and be accepted by the group. This type of pressure can lead to dangerous and harmful behavior, and can cause the individual to compromise their values and make choices they may later regret.\n*****QUESTION:***** If there is an explanation: Does the explanation refer to commonsense concepts that are taken as given?", "index": 702}, {"instruction": "Provide an example of how peer pressure can be negative.", "input": "", "output": "Peer pressure can be negative when the actions or behaviors of the group are harmful or dangerous. For example, a group of teenagers may pressure a new member to engage in activities such as drinking alcohol, smoking cigarettes, or taking drugs in order to fit in and be accepted by the group. This type of pressure can lead to dangerous and harmful behavior, and can cause the individual to compromise their values and make choices they may later regret.", "all_data": "*****INSTRUCTION:***** Provide an example of how peer pressure can be negative.\n\n*****OUTPUT:***** Peer pressure can be negative when the actions or behaviors of the group are harmful or dangerous. For example, a group of teenagers may pressure a new member to engage in activities such as drinking alcohol, smoking cigarettes, or taking drugs in order to fit in and be accepted by the group. This type of pressure can lead to dangerous and harmful behavior, and can cause the individual to compromise their values and make choices they may later regret.\n*****QUESTION:***** If there is an explanation: Does the explanation list contributing factors?", "index": 703}, {"instruction": "Provide an example of how peer pressure can be negative.", "input": "", "output": "Peer pressure can be negative when the actions or behaviors of the group are harmful or dangerous. For example, a group of teenagers may pressure a new member to engage in activities such as drinking alcohol, smoking cigarettes, or taking drugs in order to fit in and be accepted by the group. This type of pressure can lead to dangerous and harmful behavior, and can cause the individual to compromise their values and make choices they may later regret.", "all_data": "*****INSTRUCTION:***** Provide an example of how peer pressure can be negative.\n\n*****OUTPUT:***** Peer pressure can be negative when the actions or behaviors of the group are harmful or dangerous. For example, a group of teenagers may pressure a new member to engage in activities such as drinking alcohol, smoking cigarettes, or taking drugs in order to fit in and be accepted by the group. This type of pressure can lead to dangerous and harmful behavior, and can cause the individual to compromise their values and make choices they may later regret.\n*****QUESTION:***** If there is an explanation: Does the explanation include subjective or biased criteria?", "index": 704}, {"instruction": "Provide an example of how peer pressure can be negative.", "input": "", "output": "Peer pressure can be negative when the actions or behaviors of the group are harmful or dangerous. For example, a group of teenagers may pressure a new member to engage in activities such as drinking alcohol, smoking cigarettes, or taking drugs in order to fit in and be accepted by the group. This type of pressure can lead to dangerous and harmful behavior, and can cause the individual to compromise their values and make choices they may later regret.", "all_data": "*****INSTRUCTION:***** Provide an example of how peer pressure can be negative.\n\n*****OUTPUT:***** Peer pressure can be negative when the actions or behaviors of the group are harmful or dangerous. For example, a group of teenagers may pressure a new member to engage in activities such as drinking alcohol, smoking cigarettes, or taking drugs in order to fit in and be accepted by the group. This type of pressure can lead to dangerous and harmful behavior, and can cause the individual to compromise their values and make choices they may later regret.\n*****QUESTION:***** If there is an explanation: Does the explanation include illustrative elements (e.g. examples)?", "index": 705}, {"instruction": "Provide an example of how peer pressure can be negative.", "input": "", "output": "Peer pressure can be negative when the actions or behaviors of the group are harmful or dangerous. For example, a group of teenagers may pressure a new member to engage in activities such as drinking alcohol, smoking cigarettes, or taking drugs in order to fit in and be accepted by the group. This type of pressure can lead to dangerous and harmful behavior, and can cause the individual to compromise their values and make choices they may later regret.", "all_data": "*****INSTRUCTION:***** Provide an example of how peer pressure can be negative.\n\n*****OUTPUT:***** Peer pressure can be negative when the actions or behaviors of the group are harmful or dangerous. For example, a group of teenagers may pressure a new member to engage in activities such as drinking alcohol, smoking cigarettes, or taking drugs in order to fit in and be accepted by the group. This type of pressure can lead to dangerous and harmful behavior, and can cause the individual to compromise their values and make choices they may later regret.\n*****QUESTION:***** If there is an explanation: Is the explanation misleading (e.g. arguing for a label that is wrong)?", "index": 706}, {"instruction": "Identify the mistakes in the following sentence and suggest how to correct them.", "input": "This restaurant has the best pastas", "output": "The sentence is grammatically correct, but it is not a mistake to use the singular form of pasta instead of the plural. So it could be written as \"This restaurant has the best pasta.\"", "all_data": "*****INSTRUCTION:***** Identify the mistakes in the following sentence and suggest how to correct them.\nThis restaurant has the best pastas\n*****OUTPUT:***** The sentence is grammatically correct, but it is not a mistake to use the singular form of pasta instead of the plural. So it could be written as \"This restaurant has the best pasta.\"\n*****QUESTION:***** Does the output contain an explanation for the prediction?", "index": 707}, {"instruction": "Identify the mistakes in the following sentence and suggest how to correct them.", "input": "This restaurant has the best pastas", "output": "The sentence is grammatically correct, but it is not a mistake to use the singular form of pasta instead of the plural. So it could be written as \"This restaurant has the best pasta.\"", "all_data": "*****INSTRUCTION:***** Identify the mistakes in the following sentence and suggest how to correct them.\nThis restaurant has the best pastas\n*****OUTPUT:***** The sentence is grammatically correct, but it is not a mistake to use the singular form of pasta instead of the plural. So it could be written as \"This restaurant has the best pasta.\"\n*****QUESTION:***** Would you give an explanation/justify your reasoning if you were asked this question by a friend?", "index": 708}, {"instruction": "Identify the mistakes in the following sentence and suggest how to correct them.", "input": "This restaurant has the best pastas", "output": "The sentence is grammatically correct, but it is not a mistake to use the singular form of pasta instead of the plural. So it could be written as \"This restaurant has the best pasta.\"", "all_data": "*****INSTRUCTION:***** Identify the mistakes in the following sentence and suggest how to correct them.\nThis restaurant has the best pastas\n*****OUTPUT:***** The sentence is grammatically correct, but it is not a mistake to use the singular form of pasta instead of the plural. So it could be written as \"This restaurant has the best pasta.\"\n*****QUESTION:***** If there is an explanation: Does the explanation refer to commonsense concepts that are taken as given?", "index": 709}, {"instruction": "Identify the mistakes in the following sentence and suggest how to correct them.", "input": "This restaurant has the best pastas", "output": "The sentence is grammatically correct, but it is not a mistake to use the singular form of pasta instead of the plural. So it could be written as \"This restaurant has the best pasta.\"", "all_data": "*****INSTRUCTION:***** Identify the mistakes in the following sentence and suggest how to correct them.\nThis restaurant has the best pastas\n*****OUTPUT:***** The sentence is grammatically correct, but it is not a mistake to use the singular form of pasta instead of the plural. So it could be written as \"This restaurant has the best pasta.\"\n*****QUESTION:***** If there is an explanation: Does the explanation list contributing factors?", "index": 710}, {"instruction": "Identify the mistakes in the following sentence and suggest how to correct them.", "input": "This restaurant has the best pastas", "output": "The sentence is grammatically correct, but it is not a mistake to use the singular form of pasta instead of the plural. So it could be written as \"This restaurant has the best pasta.\"", "all_data": "*****INSTRUCTION:***** Identify the mistakes in the following sentence and suggest how to correct them.\nThis restaurant has the best pastas\n*****OUTPUT:***** The sentence is grammatically correct, but it is not a mistake to use the singular form of pasta instead of the plural. So it could be written as \"This restaurant has the best pasta.\"\n*****QUESTION:***** If there is an explanation: Does the explanation include subjective or biased criteria?", "index": 711}, {"instruction": "Identify the mistakes in the following sentence and suggest how to correct them.", "input": "This restaurant has the best pastas", "output": "The sentence is grammatically correct, but it is not a mistake to use the singular form of pasta instead of the plural. So it could be written as \"This restaurant has the best pasta.\"", "all_data": "*****INSTRUCTION:***** Identify the mistakes in the following sentence and suggest how to correct them.\nThis restaurant has the best pastas\n*****OUTPUT:***** The sentence is grammatically correct, but it is not a mistake to use the singular form of pasta instead of the plural. So it could be written as \"This restaurant has the best pasta.\"\n*****QUESTION:***** If there is an explanation: Does the explanation include illustrative elements (e.g. examples)?", "index": 712}, {"instruction": "Identify the mistakes in the following sentence and suggest how to correct them.", "input": "This restaurant has the best pastas", "output": "The sentence is grammatically correct, but it is not a mistake to use the singular form of pasta instead of the plural. So it could be written as \"This restaurant has the best pasta.\"", "all_data": "*****INSTRUCTION:***** Identify the mistakes in the following sentence and suggest how to correct them.\nThis restaurant has the best pastas\n*****OUTPUT:***** The sentence is grammatically correct, but it is not a mistake to use the singular form of pasta instead of the plural. So it could be written as \"This restaurant has the best pasta.\"\n*****QUESTION:***** If there is an explanation: Is the explanation misleading (e.g. arguing for a label that is wrong)?", "index": 713}, {"instruction": "List the steps to remove a stain from a fabric.", "input": "", "output": "1. Identify the type of stain: Different stains require different treatments, so determine the type of stain you are dealing with.\n\n2. Blot the excess: Gently blot the stain with a clean cloth or tissue to remove any excess liquid or residue. Avoid rubbing the stain, as this may cause it to spread or sink deeper into the fabric.\n\n3. Pre-treat the stain: Apply a stain remover or laundry detergent to the stain, and allow it to sit for a few minutes. Choose a stain remover appropriate for the fabric and the stain type.\n\n4. Rinse with cold water: Rinse the fabric with cold water to remove the stain remover and any remaining residue.\n\n5. Wash the fabric: If the stain is still visible, wash the fabric in the washing machine, following the care instructions on the label. Use a laundry detergent suitable for the type of fabric.\n\n6. Air dry the fabric: After washing, air dry the fabric, rather than using a dryer, to prevent any remaining stain from setting. \n\n7. Repeat if necessary: If the stain is still visible, repeat the process until it is completely removed.\n\nRemember, always read the care label on the fabric before attempting to remove a stain, as some fabrics may require special treatment.", "all_data": "*****INSTRUCTION:***** List the steps to remove a stain from a fabric.\n\n*****OUTPUT:***** 1. Identify the type of stain: Different stains require different treatments, so determine the type of stain you are dealing with.\n\n2. Blot the excess: Gently blot the stain with a clean cloth or tissue to remove any excess liquid or residue. Avoid rubbing the stain, as this may cause it to spread or sink deeper into the fabric.\n\n3. Pre-treat the stain: Apply a stain remover or laundry detergent to the stain, and allow it to sit for a few minutes. Choose a stain remover appropriate for the fabric and the stain type.\n\n4. Rinse with cold water: Rinse the fabric with cold water to remove the stain remover and any remaining residue.\n\n5. Wash the fabric: If the stain is still visible, wash the fabric in the washing machine, following the care instructions on the label. Use a laundry detergent suitable for the type of fabric.\n\n6. Air dry the fabric: After washing, air dry the fabric, rather than using a dryer, to prevent any remaining stain from setting. \n\n7. Repeat if necessary: If the stain is still visible, repeat the process until it is completely removed.\n\nRemember, always read the care label on the fabric before attempting to remove a stain, as some fabrics may require special treatment.\n*****QUESTION:***** Does the output contain an explanation for the prediction?", "index": 714}, {"instruction": "List the steps to remove a stain from a fabric.", "input": "", "output": "1. Identify the type of stain: Different stains require different treatments, so determine the type of stain you are dealing with.\n\n2. Blot the excess: Gently blot the stain with a clean cloth or tissue to remove any excess liquid or residue. Avoid rubbing the stain, as this may cause it to spread or sink deeper into the fabric.\n\n3. Pre-treat the stain: Apply a stain remover or laundry detergent to the stain, and allow it to sit for a few minutes. Choose a stain remover appropriate for the fabric and the stain type.\n\n4. Rinse with cold water: Rinse the fabric with cold water to remove the stain remover and any remaining residue.\n\n5. Wash the fabric: If the stain is still visible, wash the fabric in the washing machine, following the care instructions on the label. Use a laundry detergent suitable for the type of fabric.\n\n6. Air dry the fabric: After washing, air dry the fabric, rather than using a dryer, to prevent any remaining stain from setting. \n\n7. Repeat if necessary: If the stain is still visible, repeat the process until it is completely removed.\n\nRemember, always read the care label on the fabric before attempting to remove a stain, as some fabrics may require special treatment.", "all_data": "*****INSTRUCTION:***** List the steps to remove a stain from a fabric.\n\n*****OUTPUT:***** 1. Identify the type of stain: Different stains require different treatments, so determine the type of stain you are dealing with.\n\n2. Blot the excess: Gently blot the stain with a clean cloth or tissue to remove any excess liquid or residue. Avoid rubbing the stain, as this may cause it to spread or sink deeper into the fabric.\n\n3. Pre-treat the stain: Apply a stain remover or laundry detergent to the stain, and allow it to sit for a few minutes. Choose a stain remover appropriate for the fabric and the stain type.\n\n4. Rinse with cold water: Rinse the fabric with cold water to remove the stain remover and any remaining residue.\n\n5. Wash the fabric: If the stain is still visible, wash the fabric in the washing machine, following the care instructions on the label. Use a laundry detergent suitable for the type of fabric.\n\n6. Air dry the fabric: After washing, air dry the fabric, rather than using a dryer, to prevent any remaining stain from setting. \n\n7. Repeat if necessary: If the stain is still visible, repeat the process until it is completely removed.\n\nRemember, always read the care label on the fabric before attempting to remove a stain, as some fabrics may require special treatment.\n*****QUESTION:***** Would you give an explanation/justify your reasoning if you were asked this question by a friend?", "index": 715}, {"instruction": "List the steps to remove a stain from a fabric.", "input": "", "output": "1. Identify the type of stain: Different stains require different treatments, so determine the type of stain you are dealing with.\n\n2. Blot the excess: Gently blot the stain with a clean cloth or tissue to remove any excess liquid or residue. Avoid rubbing the stain, as this may cause it to spread or sink deeper into the fabric.\n\n3. Pre-treat the stain: Apply a stain remover or laundry detergent to the stain, and allow it to sit for a few minutes. Choose a stain remover appropriate for the fabric and the stain type.\n\n4. Rinse with cold water: Rinse the fabric with cold water to remove the stain remover and any remaining residue.\n\n5. Wash the fabric: If the stain is still visible, wash the fabric in the washing machine, following the care instructions on the label. Use a laundry detergent suitable for the type of fabric.\n\n6. Air dry the fabric: After washing, air dry the fabric, rather than using a dryer, to prevent any remaining stain from setting. \n\n7. Repeat if necessary: If the stain is still visible, repeat the process until it is completely removed.\n\nRemember, always read the care label on the fabric before attempting to remove a stain, as some fabrics may require special treatment.", "all_data": "*****INSTRUCTION:***** List the steps to remove a stain from a fabric.\n\n*****OUTPUT:***** 1. Identify the type of stain: Different stains require different treatments, so determine the type of stain you are dealing with.\n\n2. Blot the excess: Gently blot the stain with a clean cloth or tissue to remove any excess liquid or residue. Avoid rubbing the stain, as this may cause it to spread or sink deeper into the fabric.\n\n3. Pre-treat the stain: Apply a stain remover or laundry detergent to the stain, and allow it to sit for a few minutes. Choose a stain remover appropriate for the fabric and the stain type.\n\n4. Rinse with cold water: Rinse the fabric with cold water to remove the stain remover and any remaining residue.\n\n5. Wash the fabric: If the stain is still visible, wash the fabric in the washing machine, following the care instructions on the label. Use a laundry detergent suitable for the type of fabric.\n\n6. Air dry the fabric: After washing, air dry the fabric, rather than using a dryer, to prevent any remaining stain from setting. \n\n7. Repeat if necessary: If the stain is still visible, repeat the process until it is completely removed.\n\nRemember, always read the care label on the fabric before attempting to remove a stain, as some fabrics may require special treatment.\n*****QUESTION:***** If there is an explanation: Does the explanation refer to commonsense concepts that are taken as given?", "index": 716}, {"instruction": "List the steps to remove a stain from a fabric.", "input": "", "output": "1. Identify the type of stain: Different stains require different treatments, so determine the type of stain you are dealing with.\n\n2. Blot the excess: Gently blot the stain with a clean cloth or tissue to remove any excess liquid or residue. Avoid rubbing the stain, as this may cause it to spread or sink deeper into the fabric.\n\n3. Pre-treat the stain: Apply a stain remover or laundry detergent to the stain, and allow it to sit for a few minutes. Choose a stain remover appropriate for the fabric and the stain type.\n\n4. Rinse with cold water: Rinse the fabric with cold water to remove the stain remover and any remaining residue.\n\n5. Wash the fabric: If the stain is still visible, wash the fabric in the washing machine, following the care instructions on the label. Use a laundry detergent suitable for the type of fabric.\n\n6. Air dry the fabric: After washing, air dry the fabric, rather than using a dryer, to prevent any remaining stain from setting. \n\n7. Repeat if necessary: If the stain is still visible, repeat the process until it is completely removed.\n\nRemember, always read the care label on the fabric before attempting to remove a stain, as some fabrics may require special treatment.", "all_data": "*****INSTRUCTION:***** List the steps to remove a stain from a fabric.\n\n*****OUTPUT:***** 1. Identify the type of stain: Different stains require different treatments, so determine the type of stain you are dealing with.\n\n2. Blot the excess: Gently blot the stain with a clean cloth or tissue to remove any excess liquid or residue. Avoid rubbing the stain, as this may cause it to spread or sink deeper into the fabric.\n\n3. Pre-treat the stain: Apply a stain remover or laundry detergent to the stain, and allow it to sit for a few minutes. Choose a stain remover appropriate for the fabric and the stain type.\n\n4. Rinse with cold water: Rinse the fabric with cold water to remove the stain remover and any remaining residue.\n\n5. Wash the fabric: If the stain is still visible, wash the fabric in the washing machine, following the care instructions on the label. Use a laundry detergent suitable for the type of fabric.\n\n6. Air dry the fabric: After washing, air dry the fabric, rather than using a dryer, to prevent any remaining stain from setting. \n\n7. Repeat if necessary: If the stain is still visible, repeat the process until it is completely removed.\n\nRemember, always read the care label on the fabric before attempting to remove a stain, as some fabrics may require special treatment.\n*****QUESTION:***** If there is an explanation: Does the explanation list contributing factors?", "index": 717}, {"instruction": "List the steps to remove a stain from a fabric.", "input": "", "output": "1. Identify the type of stain: Different stains require different treatments, so determine the type of stain you are dealing with.\n\n2. Blot the excess: Gently blot the stain with a clean cloth or tissue to remove any excess liquid or residue. Avoid rubbing the stain, as this may cause it to spread or sink deeper into the fabric.\n\n3. Pre-treat the stain: Apply a stain remover or laundry detergent to the stain, and allow it to sit for a few minutes. Choose a stain remover appropriate for the fabric and the stain type.\n\n4. Rinse with cold water: Rinse the fabric with cold water to remove the stain remover and any remaining residue.\n\n5. Wash the fabric: If the stain is still visible, wash the fabric in the washing machine, following the care instructions on the label. Use a laundry detergent suitable for the type of fabric.\n\n6. Air dry the fabric: After washing, air dry the fabric, rather than using a dryer, to prevent any remaining stain from setting. \n\n7. Repeat if necessary: If the stain is still visible, repeat the process until it is completely removed.\n\nRemember, always read the care label on the fabric before attempting to remove a stain, as some fabrics may require special treatment.", "all_data": "*****INSTRUCTION:***** List the steps to remove a stain from a fabric.\n\n*****OUTPUT:***** 1. Identify the type of stain: Different stains require different treatments, so determine the type of stain you are dealing with.\n\n2. Blot the excess: Gently blot the stain with a clean cloth or tissue to remove any excess liquid or residue. Avoid rubbing the stain, as this may cause it to spread or sink deeper into the fabric.\n\n3. Pre-treat the stain: Apply a stain remover or laundry detergent to the stain, and allow it to sit for a few minutes. Choose a stain remover appropriate for the fabric and the stain type.\n\n4. Rinse with cold water: Rinse the fabric with cold water to remove the stain remover and any remaining residue.\n\n5. Wash the fabric: If the stain is still visible, wash the fabric in the washing machine, following the care instructions on the label. Use a laundry detergent suitable for the type of fabric.\n\n6. Air dry the fabric: After washing, air dry the fabric, rather than using a dryer, to prevent any remaining stain from setting. \n\n7. Repeat if necessary: If the stain is still visible, repeat the process until it is completely removed.\n\nRemember, always read the care label on the fabric before attempting to remove a stain, as some fabrics may require special treatment.\n*****QUESTION:***** If there is an explanation: Does the explanation include subjective or biased criteria?", "index": 718}, {"instruction": "List the steps to remove a stain from a fabric.", "input": "", "output": "1. Identify the type of stain: Different stains require different treatments, so determine the type of stain you are dealing with.\n\n2. Blot the excess: Gently blot the stain with a clean cloth or tissue to remove any excess liquid or residue. Avoid rubbing the stain, as this may cause it to spread or sink deeper into the fabric.\n\n3. Pre-treat the stain: Apply a stain remover or laundry detergent to the stain, and allow it to sit for a few minutes. Choose a stain remover appropriate for the fabric and the stain type.\n\n4. Rinse with cold water: Rinse the fabric with cold water to remove the stain remover and any remaining residue.\n\n5. Wash the fabric: If the stain is still visible, wash the fabric in the washing machine, following the care instructions on the label. Use a laundry detergent suitable for the type of fabric.\n\n6. Air dry the fabric: After washing, air dry the fabric, rather than using a dryer, to prevent any remaining stain from setting. \n\n7. Repeat if necessary: If the stain is still visible, repeat the process until it is completely removed.\n\nRemember, always read the care label on the fabric before attempting to remove a stain, as some fabrics may require special treatment.", "all_data": "*****INSTRUCTION:***** List the steps to remove a stain from a fabric.\n\n*****OUTPUT:***** 1. Identify the type of stain: Different stains require different treatments, so determine the type of stain you are dealing with.\n\n2. Blot the excess: Gently blot the stain with a clean cloth or tissue to remove any excess liquid or residue. Avoid rubbing the stain, as this may cause it to spread or sink deeper into the fabric.\n\n3. Pre-treat the stain: Apply a stain remover or laundry detergent to the stain, and allow it to sit for a few minutes. Choose a stain remover appropriate for the fabric and the stain type.\n\n4. Rinse with cold water: Rinse the fabric with cold water to remove the stain remover and any remaining residue.\n\n5. Wash the fabric: If the stain is still visible, wash the fabric in the washing machine, following the care instructions on the label. Use a laundry detergent suitable for the type of fabric.\n\n6. Air dry the fabric: After washing, air dry the fabric, rather than using a dryer, to prevent any remaining stain from setting. \n\n7. Repeat if necessary: If the stain is still visible, repeat the process until it is completely removed.\n\nRemember, always read the care label on the fabric before attempting to remove a stain, as some fabrics may require special treatment.\n*****QUESTION:***** If there is an explanation: Does the explanation include illustrative elements (e.g. examples)?", "index": 719}, {"instruction": "List the steps to remove a stain from a fabric.", "input": "", "output": "1. Identify the type of stain: Different stains require different treatments, so determine the type of stain you are dealing with.\n\n2. Blot the excess: Gently blot the stain with a clean cloth or tissue to remove any excess liquid or residue. Avoid rubbing the stain, as this may cause it to spread or sink deeper into the fabric.\n\n3. Pre-treat the stain: Apply a stain remover or laundry detergent to the stain, and allow it to sit for a few minutes. Choose a stain remover appropriate for the fabric and the stain type.\n\n4. Rinse with cold water: Rinse the fabric with cold water to remove the stain remover and any remaining residue.\n\n5. Wash the fabric: If the stain is still visible, wash the fabric in the washing machine, following the care instructions on the label. Use a laundry detergent suitable for the type of fabric.\n\n6. Air dry the fabric: After washing, air dry the fabric, rather than using a dryer, to prevent any remaining stain from setting. \n\n7. Repeat if necessary: If the stain is still visible, repeat the process until it is completely removed.\n\nRemember, always read the care label on the fabric before attempting to remove a stain, as some fabrics may require special treatment.", "all_data": "*****INSTRUCTION:***** List the steps to remove a stain from a fabric.\n\n*****OUTPUT:***** 1. Identify the type of stain: Different stains require different treatments, so determine the type of stain you are dealing with.\n\n2. Blot the excess: Gently blot the stain with a clean cloth or tissue to remove any excess liquid or residue. Avoid rubbing the stain, as this may cause it to spread or sink deeper into the fabric.\n\n3. Pre-treat the stain: Apply a stain remover or laundry detergent to the stain, and allow it to sit for a few minutes. Choose a stain remover appropriate for the fabric and the stain type.\n\n4. Rinse with cold water: Rinse the fabric with cold water to remove the stain remover and any remaining residue.\n\n5. Wash the fabric: If the stain is still visible, wash the fabric in the washing machine, following the care instructions on the label. Use a laundry detergent suitable for the type of fabric.\n\n6. Air dry the fabric: After washing, air dry the fabric, rather than using a dryer, to prevent any remaining stain from setting. \n\n7. Repeat if necessary: If the stain is still visible, repeat the process until it is completely removed.\n\nRemember, always read the care label on the fabric before attempting to remove a stain, as some fabrics may require special treatment.\n*****QUESTION:***** If there is an explanation: Is the explanation misleading (e.g. arguing for a label that is wrong)?", "index": 720}, {"instruction": "Merge the two lists below into a list of tuples", "input": "list1 = [\"apple\",\"orange\",\"banana\"]\nlist2 = [\"red\", \"green\", \"yellow\"]", "output": "Here is a python code that can be used to merge the two lists into a list of tuples:\n\n``` python\nlist1 = [\"apple\",\"orange\",\"banana\"]\nlist2 = [\"red\", \"green\", \"yellow\"]\n\n# Zip the two lists and convert to list of tuples\nmerged_list = list(zip(list1, list2))\n\n# Display the merged list\nprint(merged_list)\n```\n\nThe output will be:\n\n```python\n[('apple', 'red'), ('orange', 'green'), ('banana', 'yellow')]\n```", "all_data": "*****INSTRUCTION:***** Merge the two lists below into a list of tuples\nlist1 = [\"apple\",\"orange\",\"banana\"]\nlist2 = [\"red\", \"green\", \"yellow\"]\n*****OUTPUT:***** Here is a python code that can be used to merge the two lists into a list of tuples:\n\n``` python\nlist1 = [\"apple\",\"orange\",\"banana\"]\nlist2 = [\"red\", \"green\", \"yellow\"]\n\n# Zip the two lists and convert to list of tuples\nmerged_list = list(zip(list1, list2))\n\n# Display the merged list\nprint(merged_list)\n```\n\nThe output will be:\n\n```python\n[('apple', 'red'), ('orange', 'green'), ('banana', 'yellow')]\n```\n*****QUESTION:***** Does the output contain an explanation for the prediction?", "index": 721}, {"instruction": "Merge the two lists below into a list of tuples", "input": "list1 = [\"apple\",\"orange\",\"banana\"]\nlist2 = [\"red\", \"green\", \"yellow\"]", "output": "Here is a python code that can be used to merge the two lists into a list of tuples:\n\n``` python\nlist1 = [\"apple\",\"orange\",\"banana\"]\nlist2 = [\"red\", \"green\", \"yellow\"]\n\n# Zip the two lists and convert to list of tuples\nmerged_list = list(zip(list1, list2))\n\n# Display the merged list\nprint(merged_list)\n```\n\nThe output will be:\n\n```python\n[('apple', 'red'), ('orange', 'green'), ('banana', 'yellow')]\n```", "all_data": "*****INSTRUCTION:***** Merge the two lists below into a list of tuples\nlist1 = [\"apple\",\"orange\",\"banana\"]\nlist2 = [\"red\", \"green\", \"yellow\"]\n*****OUTPUT:***** Here is a python code that can be used to merge the two lists into a list of tuples:\n\n``` python\nlist1 = [\"apple\",\"orange\",\"banana\"]\nlist2 = [\"red\", \"green\", \"yellow\"]\n\n# Zip the two lists and convert to list of tuples\nmerged_list = list(zip(list1, list2))\n\n# Display the merged list\nprint(merged_list)\n```\n\nThe output will be:\n\n```python\n[('apple', 'red'), ('orange', 'green'), ('banana', 'yellow')]\n```\n*****QUESTION:***** Would you give an explanation/justify your reasoning if you were asked this question by a friend?", "index": 722}, {"instruction": "Merge the two lists below into a list of tuples", "input": "list1 = [\"apple\",\"orange\",\"banana\"]\nlist2 = [\"red\", \"green\", \"yellow\"]", "output": "Here is a python code that can be used to merge the two lists into a list of tuples:\n\n``` python\nlist1 = [\"apple\",\"orange\",\"banana\"]\nlist2 = [\"red\", \"green\", \"yellow\"]\n\n# Zip the two lists and convert to list of tuples\nmerged_list = list(zip(list1, list2))\n\n# Display the merged list\nprint(merged_list)\n```\n\nThe output will be:\n\n```python\n[('apple', 'red'), ('orange', 'green'), ('banana', 'yellow')]\n```", "all_data": "*****INSTRUCTION:***** Merge the two lists below into a list of tuples\nlist1 = [\"apple\",\"orange\",\"banana\"]\nlist2 = [\"red\", \"green\", \"yellow\"]\n*****OUTPUT:***** Here is a python code that can be used to merge the two lists into a list of tuples:\n\n``` python\nlist1 = [\"apple\",\"orange\",\"banana\"]\nlist2 = [\"red\", \"green\", \"yellow\"]\n\n# Zip the two lists and convert to list of tuples\nmerged_list = list(zip(list1, list2))\n\n# Display the merged list\nprint(merged_list)\n```\n\nThe output will be:\n\n```python\n[('apple', 'red'), ('orange', 'green'), ('banana', 'yellow')]\n```\n*****QUESTION:***** If there is an explanation: Does the explanation refer to commonsense concepts that are taken as given?", "index": 723}, {"instruction": "Merge the two lists below into a list of tuples", "input": "list1 = [\"apple\",\"orange\",\"banana\"]\nlist2 = [\"red\", \"green\", \"yellow\"]", "output": "Here is a python code that can be used to merge the two lists into a list of tuples:\n\n``` python\nlist1 = [\"apple\",\"orange\",\"banana\"]\nlist2 = [\"red\", \"green\", \"yellow\"]\n\n# Zip the two lists and convert to list of tuples\nmerged_list = list(zip(list1, list2))\n\n# Display the merged list\nprint(merged_list)\n```\n\nThe output will be:\n\n```python\n[('apple', 'red'), ('orange', 'green'), ('banana', 'yellow')]\n```", "all_data": "*****INSTRUCTION:***** Merge the two lists below into a list of tuples\nlist1 = [\"apple\",\"orange\",\"banana\"]\nlist2 = [\"red\", \"green\", \"yellow\"]\n*****OUTPUT:***** Here is a python code that can be used to merge the two lists into a list of tuples:\n\n``` python\nlist1 = [\"apple\",\"orange\",\"banana\"]\nlist2 = [\"red\", \"green\", \"yellow\"]\n\n# Zip the two lists and convert to list of tuples\nmerged_list = list(zip(list1, list2))\n\n# Display the merged list\nprint(merged_list)\n```\n\nThe output will be:\n\n```python\n[('apple', 'red'), ('orange', 'green'), ('banana', 'yellow')]\n```\n*****QUESTION:***** If there is an explanation: Does the explanation list contributing factors?", "index": 724}, {"instruction": "Merge the two lists below into a list of tuples", "input": "list1 = [\"apple\",\"orange\",\"banana\"]\nlist2 = [\"red\", \"green\", \"yellow\"]", "output": "Here is a python code that can be used to merge the two lists into a list of tuples:\n\n``` python\nlist1 = [\"apple\",\"orange\",\"banana\"]\nlist2 = [\"red\", \"green\", \"yellow\"]\n\n# Zip the two lists and convert to list of tuples\nmerged_list = list(zip(list1, list2))\n\n# Display the merged list\nprint(merged_list)\n```\n\nThe output will be:\n\n```python\n[('apple', 'red'), ('orange', 'green'), ('banana', 'yellow')]\n```", "all_data": "*****INSTRUCTION:***** Merge the two lists below into a list of tuples\nlist1 = [\"apple\",\"orange\",\"banana\"]\nlist2 = [\"red\", \"green\", \"yellow\"]\n*****OUTPUT:***** Here is a python code that can be used to merge the two lists into a list of tuples:\n\n``` python\nlist1 = [\"apple\",\"orange\",\"banana\"]\nlist2 = [\"red\", \"green\", \"yellow\"]\n\n# Zip the two lists and convert to list of tuples\nmerged_list = list(zip(list1, list2))\n\n# Display the merged list\nprint(merged_list)\n```\n\nThe output will be:\n\n```python\n[('apple', 'red'), ('orange', 'green'), ('banana', 'yellow')]\n```\n*****QUESTION:***** If there is an explanation: Does the explanation include subjective or biased criteria?", "index": 725}, {"instruction": "Merge the two lists below into a list of tuples", "input": "list1 = [\"apple\",\"orange\",\"banana\"]\nlist2 = [\"red\", \"green\", \"yellow\"]", "output": "Here is a python code that can be used to merge the two lists into a list of tuples:\n\n``` python\nlist1 = [\"apple\",\"orange\",\"banana\"]\nlist2 = [\"red\", \"green\", \"yellow\"]\n\n# Zip the two lists and convert to list of tuples\nmerged_list = list(zip(list1, list2))\n\n# Display the merged list\nprint(merged_list)\n```\n\nThe output will be:\n\n```python\n[('apple', 'red'), ('orange', 'green'), ('banana', 'yellow')]\n```", "all_data": "*****INSTRUCTION:***** Merge the two lists below into a list of tuples\nlist1 = [\"apple\",\"orange\",\"banana\"]\nlist2 = [\"red\", \"green\", \"yellow\"]\n*****OUTPUT:***** Here is a python code that can be used to merge the two lists into a list of tuples:\n\n``` python\nlist1 = [\"apple\",\"orange\",\"banana\"]\nlist2 = [\"red\", \"green\", \"yellow\"]\n\n# Zip the two lists and convert to list of tuples\nmerged_list = list(zip(list1, list2))\n\n# Display the merged list\nprint(merged_list)\n```\n\nThe output will be:\n\n```python\n[('apple', 'red'), ('orange', 'green'), ('banana', 'yellow')]\n```\n*****QUESTION:***** If there is an explanation: Does the explanation include illustrative elements (e.g. examples)?", "index": 726}, {"instruction": "Merge the two lists below into a list of tuples", "input": "list1 = [\"apple\",\"orange\",\"banana\"]\nlist2 = [\"red\", \"green\", \"yellow\"]", "output": "Here is a python code that can be used to merge the two lists into a list of tuples:\n\n``` python\nlist1 = [\"apple\",\"orange\",\"banana\"]\nlist2 = [\"red\", \"green\", \"yellow\"]\n\n# Zip the two lists and convert to list of tuples\nmerged_list = list(zip(list1, list2))\n\n# Display the merged list\nprint(merged_list)\n```\n\nThe output will be:\n\n```python\n[('apple', 'red'), ('orange', 'green'), ('banana', 'yellow')]\n```", "all_data": "*****INSTRUCTION:***** Merge the two lists below into a list of tuples\nlist1 = [\"apple\",\"orange\",\"banana\"]\nlist2 = [\"red\", \"green\", \"yellow\"]\n*****OUTPUT:***** Here is a python code that can be used to merge the two lists into a list of tuples:\n\n``` python\nlist1 = [\"apple\",\"orange\",\"banana\"]\nlist2 = [\"red\", \"green\", \"yellow\"]\n\n# Zip the two lists and convert to list of tuples\nmerged_list = list(zip(list1, list2))\n\n# Display the merged list\nprint(merged_list)\n```\n\nThe output will be:\n\n```python\n[('apple', 'red'), ('orange', 'green'), ('banana', 'yellow')]\n```\n*****QUESTION:***** If there is an explanation: Is the explanation misleading (e.g. arguing for a label that is wrong)?", "index": 727}, {"instruction": "Return the XML tag for a given input sentence.", "input": "This is a heading", "output": "`<heading>This is a heading</heading>`", "all_data": "*****INSTRUCTION:***** Return the XML tag for a given input sentence.\nThis is a heading\n*****OUTPUT:***** `<heading>This is a heading</heading>`\n*****QUESTION:***** Does the output contain an explanation for the prediction?", "index": 728}, {"instruction": "Return the XML tag for a given input sentence.", "input": "This is a heading", "output": "`<heading>This is a heading</heading>`", "all_data": "*****INSTRUCTION:***** Return the XML tag for a given input sentence.\nThis is a heading\n*****OUTPUT:***** `<heading>This is a heading</heading>`\n*****QUESTION:***** Would you give an explanation/justify your reasoning if you were asked this question by a friend?", "index": 729}, {"instruction": "Return the XML tag for a given input sentence.", "input": "This is a heading", "output": "`<heading>This is a heading</heading>`", "all_data": "*****INSTRUCTION:***** Return the XML tag for a given input sentence.\nThis is a heading\n*****OUTPUT:***** `<heading>This is a heading</heading>`\n*****QUESTION:***** If there is an explanation: Does the explanation refer to commonsense concepts that are taken as given?", "index": 730}, {"instruction": "Return the XML tag for a given input sentence.", "input": "This is a heading", "output": "`<heading>This is a heading</heading>`", "all_data": "*****INSTRUCTION:***** Return the XML tag for a given input sentence.\nThis is a heading\n*****OUTPUT:***** `<heading>This is a heading</heading>`\n*****QUESTION:***** If there is an explanation: Does the explanation list contributing factors?", "index": 731}, {"instruction": "Return the XML tag for a given input sentence.", "input": "This is a heading", "output": "`<heading>This is a heading</heading>`", "all_data": "*****INSTRUCTION:***** Return the XML tag for a given input sentence.\nThis is a heading\n*****OUTPUT:***** `<heading>This is a heading</heading>`\n*****QUESTION:***** If there is an explanation: Does the explanation include subjective or biased criteria?", "index": 732}, {"instruction": "Return the XML tag for a given input sentence.", "input": "This is a heading", "output": "`<heading>This is a heading</heading>`", "all_data": "*****INSTRUCTION:***** Return the XML tag for a given input sentence.\nThis is a heading\n*****OUTPUT:***** `<heading>This is a heading</heading>`\n*****QUESTION:***** If there is an explanation: Does the explanation include illustrative elements (e.g. examples)?", "index": 733}, {"instruction": "Return the XML tag for a given input sentence.", "input": "This is a heading", "output": "`<heading>This is a heading</heading>`", "all_data": "*****INSTRUCTION:***** Return the XML tag for a given input sentence.\nThis is a heading\n*****OUTPUT:***** `<heading>This is a heading</heading>`\n*****QUESTION:***** If there is an explanation: Is the explanation misleading (e.g. arguing for a label that is wrong)?", "index": 734}, {"instruction": "What verb do you use with the word \"inevitable\"?", "input": "", "output": "The verb most commonly used with the word \"inevitable\" is \"to be,\" as in \"something is inevitable.\" Other verbs that can be used with inevitable include \"seem\", \"appear\", \"become\", and \"prove\". For example, \"It seems inevitable that prices will increase\" or \"It proved inevitable that the company would go bankrupt.\"", "all_data": "*****INSTRUCTION:***** What verb do you use with the word \"inevitable\"?\n\n*****OUTPUT:***** The verb most commonly used with the word \"inevitable\" is \"to be,\" as in \"something is inevitable.\" Other verbs that can be used with inevitable include \"seem\", \"appear\", \"become\", and \"prove\". For example, \"It seems inevitable that prices will increase\" or \"It proved inevitable that the company would go bankrupt.\"\n*****QUESTION:***** Does the output contain an explanation for the prediction?", "index": 735}, {"instruction": "What verb do you use with the word \"inevitable\"?", "input": "", "output": "The verb most commonly used with the word \"inevitable\" is \"to be,\" as in \"something is inevitable.\" Other verbs that can be used with inevitable include \"seem\", \"appear\", \"become\", and \"prove\". For example, \"It seems inevitable that prices will increase\" or \"It proved inevitable that the company would go bankrupt.\"", "all_data": "*****INSTRUCTION:***** What verb do you use with the word \"inevitable\"?\n\n*****OUTPUT:***** The verb most commonly used with the word \"inevitable\" is \"to be,\" as in \"something is inevitable.\" Other verbs that can be used with inevitable include \"seem\", \"appear\", \"become\", and \"prove\". For example, \"It seems inevitable that prices will increase\" or \"It proved inevitable that the company would go bankrupt.\"\n*****QUESTION:***** Would you give an explanation/justify your reasoning if you were asked this question by a friend?", "index": 736}, {"instruction": "What verb do you use with the word \"inevitable\"?", "input": "", "output": "The verb most commonly used with the word \"inevitable\" is \"to be,\" as in \"something is inevitable.\" Other verbs that can be used with inevitable include \"seem\", \"appear\", \"become\", and \"prove\". For example, \"It seems inevitable that prices will increase\" or \"It proved inevitable that the company would go bankrupt.\"", "all_data": "*****INSTRUCTION:***** What verb do you use with the word \"inevitable\"?\n\n*****OUTPUT:***** The verb most commonly used with the word \"inevitable\" is \"to be,\" as in \"something is inevitable.\" Other verbs that can be used with inevitable include \"seem\", \"appear\", \"become\", and \"prove\". For example, \"It seems inevitable that prices will increase\" or \"It proved inevitable that the company would go bankrupt.\"\n*****QUESTION:***** If there is an explanation: Does the explanation refer to commonsense concepts that are taken as given?", "index": 737}, {"instruction": "What verb do you use with the word \"inevitable\"?", "input": "", "output": "The verb most commonly used with the word \"inevitable\" is \"to be,\" as in \"something is inevitable.\" Other verbs that can be used with inevitable include \"seem\", \"appear\", \"become\", and \"prove\". For example, \"It seems inevitable that prices will increase\" or \"It proved inevitable that the company would go bankrupt.\"", "all_data": "*****INSTRUCTION:***** What verb do you use with the word \"inevitable\"?\n\n*****OUTPUT:***** The verb most commonly used with the word \"inevitable\" is \"to be,\" as in \"something is inevitable.\" Other verbs that can be used with inevitable include \"seem\", \"appear\", \"become\", and \"prove\". For example, \"It seems inevitable that prices will increase\" or \"It proved inevitable that the company would go bankrupt.\"\n*****QUESTION:***** If there is an explanation: Does the explanation list contributing factors?", "index": 738}, {"instruction": "What verb do you use with the word \"inevitable\"?", "input": "", "output": "The verb most commonly used with the word \"inevitable\" is \"to be,\" as in \"something is inevitable.\" Other verbs that can be used with inevitable include \"seem\", \"appear\", \"become\", and \"prove\". For example, \"It seems inevitable that prices will increase\" or \"It proved inevitable that the company would go bankrupt.\"", "all_data": "*****INSTRUCTION:***** What verb do you use with the word \"inevitable\"?\n\n*****OUTPUT:***** The verb most commonly used with the word \"inevitable\" is \"to be,\" as in \"something is inevitable.\" Other verbs that can be used with inevitable include \"seem\", \"appear\", \"become\", and \"prove\". For example, \"It seems inevitable that prices will increase\" or \"It proved inevitable that the company would go bankrupt.\"\n*****QUESTION:***** If there is an explanation: Does the explanation include subjective or biased criteria?", "index": 739}, {"instruction": "What verb do you use with the word \"inevitable\"?", "input": "", "output": "The verb most commonly used with the word \"inevitable\" is \"to be,\" as in \"something is inevitable.\" Other verbs that can be used with inevitable include \"seem\", \"appear\", \"become\", and \"prove\". For example, \"It seems inevitable that prices will increase\" or \"It proved inevitable that the company would go bankrupt.\"", "all_data": "*****INSTRUCTION:***** What verb do you use with the word \"inevitable\"?\n\n*****OUTPUT:***** The verb most commonly used with the word \"inevitable\" is \"to be,\" as in \"something is inevitable.\" Other verbs that can be used with inevitable include \"seem\", \"appear\", \"become\", and \"prove\". For example, \"It seems inevitable that prices will increase\" or \"It proved inevitable that the company would go bankrupt.\"\n*****QUESTION:***** If there is an explanation: Does the explanation include illustrative elements (e.g. examples)?", "index": 740}, {"instruction": "What verb do you use with the word \"inevitable\"?", "input": "", "output": "The verb most commonly used with the word \"inevitable\" is \"to be,\" as in \"something is inevitable.\" Other verbs that can be used with inevitable include \"seem\", \"appear\", \"become\", and \"prove\". For example, \"It seems inevitable that prices will increase\" or \"It proved inevitable that the company would go bankrupt.\"", "all_data": "*****INSTRUCTION:***** What verb do you use with the word \"inevitable\"?\n\n*****OUTPUT:***** The verb most commonly used with the word \"inevitable\" is \"to be,\" as in \"something is inevitable.\" Other verbs that can be used with inevitable include \"seem\", \"appear\", \"become\", and \"prove\". For example, \"It seems inevitable that prices will increase\" or \"It proved inevitable that the company would go bankrupt.\"\n*****QUESTION:***** If there is an explanation: Is the explanation misleading (e.g. arguing for a label that is wrong)?", "index": 741}, {"instruction": "Construct a query to find an article about the economic benefits of renewable energy sources.", "input": "", "output": "One possible query to find an article about the economic benefits of renewable energy sources would be: \"economic benefits of renewable energy sources article\". Another possible query could be \"advantages of renewable energy for economy\" or \"financial impact of green energy sources\".", "all_data": "*****INSTRUCTION:***** Construct a query to find an article about the economic benefits of renewable energy sources.\n\n*****OUTPUT:***** One possible query to find an article about the economic benefits of renewable energy sources would be: \"economic benefits of renewable energy sources article\". Another possible query could be \"advantages of renewable energy for economy\" or \"financial impact of green energy sources\".\n*****QUESTION:***** Does the output contain an explanation for the prediction?", "index": 742}, {"instruction": "Construct a query to find an article about the economic benefits of renewable energy sources.", "input": "", "output": "One possible query to find an article about the economic benefits of renewable energy sources would be: \"economic benefits of renewable energy sources article\". Another possible query could be \"advantages of renewable energy for economy\" or \"financial impact of green energy sources\".", "all_data": "*****INSTRUCTION:***** Construct a query to find an article about the economic benefits of renewable energy sources.\n\n*****OUTPUT:***** One possible query to find an article about the economic benefits of renewable energy sources would be: \"economic benefits of renewable energy sources article\". Another possible query could be \"advantages of renewable energy for economy\" or \"financial impact of green energy sources\".\n*****QUESTION:***** Would you give an explanation/justify your reasoning if you were asked this question by a friend?", "index": 743}, {"instruction": "Construct a query to find an article about the economic benefits of renewable energy sources.", "input": "", "output": "One possible query to find an article about the economic benefits of renewable energy sources would be: \"economic benefits of renewable energy sources article\". Another possible query could be \"advantages of renewable energy for economy\" or \"financial impact of green energy sources\".", "all_data": "*****INSTRUCTION:***** Construct a query to find an article about the economic benefits of renewable energy sources.\n\n*****OUTPUT:***** One possible query to find an article about the economic benefits of renewable energy sources would be: \"economic benefits of renewable energy sources article\". Another possible query could be \"advantages of renewable energy for economy\" or \"financial impact of green energy sources\".\n*****QUESTION:***** If there is an explanation: Does the explanation refer to commonsense concepts that are taken as given?", "index": 744}, {"instruction": "Construct a query to find an article about the economic benefits of renewable energy sources.", "input": "", "output": "One possible query to find an article about the economic benefits of renewable energy sources would be: \"economic benefits of renewable energy sources article\". Another possible query could be \"advantages of renewable energy for economy\" or \"financial impact of green energy sources\".", "all_data": "*****INSTRUCTION:***** Construct a query to find an article about the economic benefits of renewable energy sources.\n\n*****OUTPUT:***** One possible query to find an article about the economic benefits of renewable energy sources would be: \"economic benefits of renewable energy sources article\". Another possible query could be \"advantages of renewable energy for economy\" or \"financial impact of green energy sources\".\n*****QUESTION:***** If there is an explanation: Does the explanation list contributing factors?", "index": 745}, {"instruction": "Construct a query to find an article about the economic benefits of renewable energy sources.", "input": "", "output": "One possible query to find an article about the economic benefits of renewable energy sources would be: \"economic benefits of renewable energy sources article\". Another possible query could be \"advantages of renewable energy for economy\" or \"financial impact of green energy sources\".", "all_data": "*****INSTRUCTION:***** Construct a query to find an article about the economic benefits of renewable energy sources.\n\n*****OUTPUT:***** One possible query to find an article about the economic benefits of renewable energy sources would be: \"economic benefits of renewable energy sources article\". Another possible query could be \"advantages of renewable energy for economy\" or \"financial impact of green energy sources\".\n*****QUESTION:***** If there is an explanation: Does the explanation include subjective or biased criteria?", "index": 746}, {"instruction": "Construct a query to find an article about the economic benefits of renewable energy sources.", "input": "", "output": "One possible query to find an article about the economic benefits of renewable energy sources would be: \"economic benefits of renewable energy sources article\". Another possible query could be \"advantages of renewable energy for economy\" or \"financial impact of green energy sources\".", "all_data": "*****INSTRUCTION:***** Construct a query to find an article about the economic benefits of renewable energy sources.\n\n*****OUTPUT:***** One possible query to find an article about the economic benefits of renewable energy sources would be: \"economic benefits of renewable energy sources article\". Another possible query could be \"advantages of renewable energy for economy\" or \"financial impact of green energy sources\".\n*****QUESTION:***** If there is an explanation: Does the explanation include illustrative elements (e.g. examples)?", "index": 747}, {"instruction": "Construct a query to find an article about the economic benefits of renewable energy sources.", "input": "", "output": "One possible query to find an article about the economic benefits of renewable energy sources would be: \"economic benefits of renewable energy sources article\". Another possible query could be \"advantages of renewable energy for economy\" or \"financial impact of green energy sources\".", "all_data": "*****INSTRUCTION:***** Construct a query to find an article about the economic benefits of renewable energy sources.\n\n*****OUTPUT:***** One possible query to find an article about the economic benefits of renewable energy sources would be: \"economic benefits of renewable energy sources article\". Another possible query could be \"advantages of renewable energy for economy\" or \"financial impact of green energy sources\".\n*****QUESTION:***** If there is an explanation: Is the explanation misleading (e.g. arguing for a label that is wrong)?", "index": 748}, {"instruction": "Generate code to add a background gradient to a rectangular block.", "input": "", "output": "Here's an example code that adds a linear background gradient to a rectangular block using CSS and HTML:\n\n```html\n<!DOCTYPE html>\n<html>\n  <head>\n    <style>\n      .rectangle{\n        width: 300px;\n        height: 200px;\n        /* Linear gradient with top  to bottom */\n        background: linear-gradient(to bottom, #33ccff 0%, #ff99cc 100%);\n      }\n    </style>\n  </head>\n  <body>\n    <!-- Rectangle block -->\n    <div class=\"rectangle\"></div>\n  </body>\n</html>\n```\nThis code creates a rectangular `div` with a defined width and height, and sets its background to a linear gradient that goes from top to bottom, transitioning from color `#33ccff` to `#ff99cc`.\n\nYou can change the direction of the gradient, the colors, and the position, by modifying the values in the `background` property. Also, you can define more colors with their corresponding stop points to create more complex gradients for your rectangle block.", "all_data": "*****INSTRUCTION:***** Generate code to add a background gradient to a rectangular block.\n\n*****OUTPUT:***** Here's an example code that adds a linear background gradient to a rectangular block using CSS and HTML:\n\n```html\n<!DOCTYPE html>\n<html>\n  <head>\n    <style>\n      .rectangle{\n        width: 300px;\n        height: 200px;\n        /* Linear gradient with top  to bottom */\n        background: linear-gradient(to bottom, #33ccff 0%, #ff99cc 100%);\n      }\n    </style>\n  </head>\n  <body>\n    <!-- Rectangle block -->\n    <div class=\"rectangle\"></div>\n  </body>\n</html>\n```\nThis code creates a rectangular `div` with a defined width and height, and sets its background to a linear gradient that goes from top to bottom, transitioning from color `#33ccff` to `#ff99cc`.\n\nYou can change the direction of the gradient, the colors, and the position, by modifying the values in the `background` property. Also, you can define more colors with their corresponding stop points to create more complex gradients for your rectangle block.\n*****QUESTION:***** Does the output contain an explanation for the prediction?", "index": 749}, {"instruction": "Generate code to add a background gradient to a rectangular block.", "input": "", "output": "Here's an example code that adds a linear background gradient to a rectangular block using CSS and HTML:\n\n```html\n<!DOCTYPE html>\n<html>\n  <head>\n    <style>\n      .rectangle{\n        width: 300px;\n        height: 200px;\n        /* Linear gradient with top  to bottom */\n        background: linear-gradient(to bottom, #33ccff 0%, #ff99cc 100%);\n      }\n    </style>\n  </head>\n  <body>\n    <!-- Rectangle block -->\n    <div class=\"rectangle\"></div>\n  </body>\n</html>\n```\nThis code creates a rectangular `div` with a defined width and height, and sets its background to a linear gradient that goes from top to bottom, transitioning from color `#33ccff` to `#ff99cc`.\n\nYou can change the direction of the gradient, the colors, and the position, by modifying the values in the `background` property. Also, you can define more colors with their corresponding stop points to create more complex gradients for your rectangle block.", "all_data": "*****INSTRUCTION:***** Generate code to add a background gradient to a rectangular block.\n\n*****OUTPUT:***** Here's an example code that adds a linear background gradient to a rectangular block using CSS and HTML:\n\n```html\n<!DOCTYPE html>\n<html>\n  <head>\n    <style>\n      .rectangle{\n        width: 300px;\n        height: 200px;\n        /* Linear gradient with top  to bottom */\n        background: linear-gradient(to bottom, #33ccff 0%, #ff99cc 100%);\n      }\n    </style>\n  </head>\n  <body>\n    <!-- Rectangle block -->\n    <div class=\"rectangle\"></div>\n  </body>\n</html>\n```\nThis code creates a rectangular `div` with a defined width and height, and sets its background to a linear gradient that goes from top to bottom, transitioning from color `#33ccff` to `#ff99cc`.\n\nYou can change the direction of the gradient, the colors, and the position, by modifying the values in the `background` property. Also, you can define more colors with their corresponding stop points to create more complex gradients for your rectangle block.\n*****QUESTION:***** Would you give an explanation/justify your reasoning if you were asked this question by a friend?", "index": 750}, {"instruction": "Generate code to add a background gradient to a rectangular block.", "input": "", "output": "Here's an example code that adds a linear background gradient to a rectangular block using CSS and HTML:\n\n```html\n<!DOCTYPE html>\n<html>\n  <head>\n    <style>\n      .rectangle{\n        width: 300px;\n        height: 200px;\n        /* Linear gradient with top  to bottom */\n        background: linear-gradient(to bottom, #33ccff 0%, #ff99cc 100%);\n      }\n    </style>\n  </head>\n  <body>\n    <!-- Rectangle block -->\n    <div class=\"rectangle\"></div>\n  </body>\n</html>\n```\nThis code creates a rectangular `div` with a defined width and height, and sets its background to a linear gradient that goes from top to bottom, transitioning from color `#33ccff` to `#ff99cc`.\n\nYou can change the direction of the gradient, the colors, and the position, by modifying the values in the `background` property. Also, you can define more colors with their corresponding stop points to create more complex gradients for your rectangle block.", "all_data": "*****INSTRUCTION:***** Generate code to add a background gradient to a rectangular block.\n\n*****OUTPUT:***** Here's an example code that adds a linear background gradient to a rectangular block using CSS and HTML:\n\n```html\n<!DOCTYPE html>\n<html>\n  <head>\n    <style>\n      .rectangle{\n        width: 300px;\n        height: 200px;\n        /* Linear gradient with top  to bottom */\n        background: linear-gradient(to bottom, #33ccff 0%, #ff99cc 100%);\n      }\n    </style>\n  </head>\n  <body>\n    <!-- Rectangle block -->\n    <div class=\"rectangle\"></div>\n  </body>\n</html>\n```\nThis code creates a rectangular `div` with a defined width and height, and sets its background to a linear gradient that goes from top to bottom, transitioning from color `#33ccff` to `#ff99cc`.\n\nYou can change the direction of the gradient, the colors, and the position, by modifying the values in the `background` property. Also, you can define more colors with their corresponding stop points to create more complex gradients for your rectangle block.\n*****QUESTION:***** If there is an explanation: Does the explanation refer to commonsense concepts that are taken as given?", "index": 751}, {"instruction": "Generate code to add a background gradient to a rectangular block.", "input": "", "output": "Here's an example code that adds a linear background gradient to a rectangular block using CSS and HTML:\n\n```html\n<!DOCTYPE html>\n<html>\n  <head>\n    <style>\n      .rectangle{\n        width: 300px;\n        height: 200px;\n        /* Linear gradient with top  to bottom */\n        background: linear-gradient(to bottom, #33ccff 0%, #ff99cc 100%);\n      }\n    </style>\n  </head>\n  <body>\n    <!-- Rectangle block -->\n    <div class=\"rectangle\"></div>\n  </body>\n</html>\n```\nThis code creates a rectangular `div` with a defined width and height, and sets its background to a linear gradient that goes from top to bottom, transitioning from color `#33ccff` to `#ff99cc`.\n\nYou can change the direction of the gradient, the colors, and the position, by modifying the values in the `background` property. Also, you can define more colors with their corresponding stop points to create more complex gradients for your rectangle block.", "all_data": "*****INSTRUCTION:***** Generate code to add a background gradient to a rectangular block.\n\n*****OUTPUT:***** Here's an example code that adds a linear background gradient to a rectangular block using CSS and HTML:\n\n```html\n<!DOCTYPE html>\n<html>\n  <head>\n    <style>\n      .rectangle{\n        width: 300px;\n        height: 200px;\n        /* Linear gradient with top  to bottom */\n        background: linear-gradient(to bottom, #33ccff 0%, #ff99cc 100%);\n      }\n    </style>\n  </head>\n  <body>\n    <!-- Rectangle block -->\n    <div class=\"rectangle\"></div>\n  </body>\n</html>\n```\nThis code creates a rectangular `div` with a defined width and height, and sets its background to a linear gradient that goes from top to bottom, transitioning from color `#33ccff` to `#ff99cc`.\n\nYou can change the direction of the gradient, the colors, and the position, by modifying the values in the `background` property. Also, you can define more colors with their corresponding stop points to create more complex gradients for your rectangle block.\n*****QUESTION:***** If there is an explanation: Does the explanation list contributing factors?", "index": 752}, {"instruction": "Generate code to add a background gradient to a rectangular block.", "input": "", "output": "Here's an example code that adds a linear background gradient to a rectangular block using CSS and HTML:\n\n```html\n<!DOCTYPE html>\n<html>\n  <head>\n    <style>\n      .rectangle{\n        width: 300px;\n        height: 200px;\n        /* Linear gradient with top  to bottom */\n        background: linear-gradient(to bottom, #33ccff 0%, #ff99cc 100%);\n      }\n    </style>\n  </head>\n  <body>\n    <!-- Rectangle block -->\n    <div class=\"rectangle\"></div>\n  </body>\n</html>\n```\nThis code creates a rectangular `div` with a defined width and height, and sets its background to a linear gradient that goes from top to bottom, transitioning from color `#33ccff` to `#ff99cc`.\n\nYou can change the direction of the gradient, the colors, and the position, by modifying the values in the `background` property. Also, you can define more colors with their corresponding stop points to create more complex gradients for your rectangle block.", "all_data": "*****INSTRUCTION:***** Generate code to add a background gradient to a rectangular block.\n\n*****OUTPUT:***** Here's an example code that adds a linear background gradient to a rectangular block using CSS and HTML:\n\n```html\n<!DOCTYPE html>\n<html>\n  <head>\n    <style>\n      .rectangle{\n        width: 300px;\n        height: 200px;\n        /* Linear gradient with top  to bottom */\n        background: linear-gradient(to bottom, #33ccff 0%, #ff99cc 100%);\n      }\n    </style>\n  </head>\n  <body>\n    <!-- Rectangle block -->\n    <div class=\"rectangle\"></div>\n  </body>\n</html>\n```\nThis code creates a rectangular `div` with a defined width and height, and sets its background to a linear gradient that goes from top to bottom, transitioning from color `#33ccff` to `#ff99cc`.\n\nYou can change the direction of the gradient, the colors, and the position, by modifying the values in the `background` property. Also, you can define more colors with their corresponding stop points to create more complex gradients for your rectangle block.\n*****QUESTION:***** If there is an explanation: Does the explanation include subjective or biased criteria?", "index": 753}, {"instruction": "Generate code to add a background gradient to a rectangular block.", "input": "", "output": "Here's an example code that adds a linear background gradient to a rectangular block using CSS and HTML:\n\n```html\n<!DOCTYPE html>\n<html>\n  <head>\n    <style>\n      .rectangle{\n        width: 300px;\n        height: 200px;\n        /* Linear gradient with top  to bottom */\n        background: linear-gradient(to bottom, #33ccff 0%, #ff99cc 100%);\n      }\n    </style>\n  </head>\n  <body>\n    <!-- Rectangle block -->\n    <div class=\"rectangle\"></div>\n  </body>\n</html>\n```\nThis code creates a rectangular `div` with a defined width and height, and sets its background to a linear gradient that goes from top to bottom, transitioning from color `#33ccff` to `#ff99cc`.\n\nYou can change the direction of the gradient, the colors, and the position, by modifying the values in the `background` property. Also, you can define more colors with their corresponding stop points to create more complex gradients for your rectangle block.", "all_data": "*****INSTRUCTION:***** Generate code to add a background gradient to a rectangular block.\n\n*****OUTPUT:***** Here's an example code that adds a linear background gradient to a rectangular block using CSS and HTML:\n\n```html\n<!DOCTYPE html>\n<html>\n  <head>\n    <style>\n      .rectangle{\n        width: 300px;\n        height: 200px;\n        /* Linear gradient with top  to bottom */\n        background: linear-gradient(to bottom, #33ccff 0%, #ff99cc 100%);\n      }\n    </style>\n  </head>\n  <body>\n    <!-- Rectangle block -->\n    <div class=\"rectangle\"></div>\n  </body>\n</html>\n```\nThis code creates a rectangular `div` with a defined width and height, and sets its background to a linear gradient that goes from top to bottom, transitioning from color `#33ccff` to `#ff99cc`.\n\nYou can change the direction of the gradient, the colors, and the position, by modifying the values in the `background` property. Also, you can define more colors with their corresponding stop points to create more complex gradients for your rectangle block.\n*****QUESTION:***** If there is an explanation: Does the explanation include illustrative elements (e.g. examples)?", "index": 754}, {"instruction": "Generate code to add a background gradient to a rectangular block.", "input": "", "output": "Here's an example code that adds a linear background gradient to a rectangular block using CSS and HTML:\n\n```html\n<!DOCTYPE html>\n<html>\n  <head>\n    <style>\n      .rectangle{\n        width: 300px;\n        height: 200px;\n        /* Linear gradient with top  to bottom */\n        background: linear-gradient(to bottom, #33ccff 0%, #ff99cc 100%);\n      }\n    </style>\n  </head>\n  <body>\n    <!-- Rectangle block -->\n    <div class=\"rectangle\"></div>\n  </body>\n</html>\n```\nThis code creates a rectangular `div` with a defined width and height, and sets its background to a linear gradient that goes from top to bottom, transitioning from color `#33ccff` to `#ff99cc`.\n\nYou can change the direction of the gradient, the colors, and the position, by modifying the values in the `background` property. Also, you can define more colors with their corresponding stop points to create more complex gradients for your rectangle block.", "all_data": "*****INSTRUCTION:***** Generate code to add a background gradient to a rectangular block.\n\n*****OUTPUT:***** Here's an example code that adds a linear background gradient to a rectangular block using CSS and HTML:\n\n```html\n<!DOCTYPE html>\n<html>\n  <head>\n    <style>\n      .rectangle{\n        width: 300px;\n        height: 200px;\n        /* Linear gradient with top  to bottom */\n        background: linear-gradient(to bottom, #33ccff 0%, #ff99cc 100%);\n      }\n    </style>\n  </head>\n  <body>\n    <!-- Rectangle block -->\n    <div class=\"rectangle\"></div>\n  </body>\n</html>\n```\nThis code creates a rectangular `div` with a defined width and height, and sets its background to a linear gradient that goes from top to bottom, transitioning from color `#33ccff` to `#ff99cc`.\n\nYou can change the direction of the gradient, the colors, and the position, by modifying the values in the `background` property. Also, you can define more colors with their corresponding stop points to create more complex gradients for your rectangle block.\n*****QUESTION:***** If there is an explanation: Is the explanation misleading (e.g. arguing for a label that is wrong)?", "index": 755}, {"instruction": "Create a script to remove all vowels from a string", "input": "", "output": "Here's a Python script that you can use to remove all vowels from a string:\n\n```python\ndef remove_vowels(string):\n    vowels = \"AEIOUaeiou\"\n    new_string = \"\"\n\n    for char in string:\n        if char not in vowels:\n            new_string += char\n    return new_string\n```\n\nTo use this script, first define the function using the code above. Then, call the function and pass the string that you would like to remove vowels from as an argument. For example:\n\n```python\nmy_string = \"Hello World\"\nnew_string = remove_vowels(my_string)\nprint(new_string)\n\n# Output: Hll Wrld\n```", "all_data": "*****INSTRUCTION:***** Create a script to remove all vowels from a string\n\n*****OUTPUT:***** Here's a Python script that you can use to remove all vowels from a string:\n\n```python\ndef remove_vowels(string):\n    vowels = \"AEIOUaeiou\"\n    new_string = \"\"\n\n    for char in string:\n        if char not in vowels:\n            new_string += char\n    return new_string\n```\n\nTo use this script, first define the function using the code above. Then, call the function and pass the string that you would like to remove vowels from as an argument. For example:\n\n```python\nmy_string = \"Hello World\"\nnew_string = remove_vowels(my_string)\nprint(new_string)\n\n# Output: Hll Wrld\n```\n*****QUESTION:***** Does the output contain an explanation for the prediction?", "index": 756}, {"instruction": "Create a script to remove all vowels from a string", "input": "", "output": "Here's a Python script that you can use to remove all vowels from a string:\n\n```python\ndef remove_vowels(string):\n    vowels = \"AEIOUaeiou\"\n    new_string = \"\"\n\n    for char in string:\n        if char not in vowels:\n            new_string += char\n    return new_string\n```\n\nTo use this script, first define the function using the code above. Then, call the function and pass the string that you would like to remove vowels from as an argument. For example:\n\n```python\nmy_string = \"Hello World\"\nnew_string = remove_vowels(my_string)\nprint(new_string)\n\n# Output: Hll Wrld\n```", "all_data": "*****INSTRUCTION:***** Create a script to remove all vowels from a string\n\n*****OUTPUT:***** Here's a Python script that you can use to remove all vowels from a string:\n\n```python\ndef remove_vowels(string):\n    vowels = \"AEIOUaeiou\"\n    new_string = \"\"\n\n    for char in string:\n        if char not in vowels:\n            new_string += char\n    return new_string\n```\n\nTo use this script, first define the function using the code above. Then, call the function and pass the string that you would like to remove vowels from as an argument. For example:\n\n```python\nmy_string = \"Hello World\"\nnew_string = remove_vowels(my_string)\nprint(new_string)\n\n# Output: Hll Wrld\n```\n*****QUESTION:***** Would you give an explanation/justify your reasoning if you were asked this question by a friend?", "index": 757}, {"instruction": "Create a script to remove all vowels from a string", "input": "", "output": "Here's a Python script that you can use to remove all vowels from a string:\n\n```python\ndef remove_vowels(string):\n    vowels = \"AEIOUaeiou\"\n    new_string = \"\"\n\n    for char in string:\n        if char not in vowels:\n            new_string += char\n    return new_string\n```\n\nTo use this script, first define the function using the code above. Then, call the function and pass the string that you would like to remove vowels from as an argument. For example:\n\n```python\nmy_string = \"Hello World\"\nnew_string = remove_vowels(my_string)\nprint(new_string)\n\n# Output: Hll Wrld\n```", "all_data": "*****INSTRUCTION:***** Create a script to remove all vowels from a string\n\n*****OUTPUT:***** Here's a Python script that you can use to remove all vowels from a string:\n\n```python\ndef remove_vowels(string):\n    vowels = \"AEIOUaeiou\"\n    new_string = \"\"\n\n    for char in string:\n        if char not in vowels:\n            new_string += char\n    return new_string\n```\n\nTo use this script, first define the function using the code above. Then, call the function and pass the string that you would like to remove vowels from as an argument. For example:\n\n```python\nmy_string = \"Hello World\"\nnew_string = remove_vowels(my_string)\nprint(new_string)\n\n# Output: Hll Wrld\n```\n*****QUESTION:***** If there is an explanation: Does the explanation refer to commonsense concepts that are taken as given?", "index": 758}, {"instruction": "Create a script to remove all vowels from a string", "input": "", "output": "Here's a Python script that you can use to remove all vowels from a string:\n\n```python\ndef remove_vowels(string):\n    vowels = \"AEIOUaeiou\"\n    new_string = \"\"\n\n    for char in string:\n        if char not in vowels:\n            new_string += char\n    return new_string\n```\n\nTo use this script, first define the function using the code above. Then, call the function and pass the string that you would like to remove vowels from as an argument. For example:\n\n```python\nmy_string = \"Hello World\"\nnew_string = remove_vowels(my_string)\nprint(new_string)\n\n# Output: Hll Wrld\n```", "all_data": "*****INSTRUCTION:***** Create a script to remove all vowels from a string\n\n*****OUTPUT:***** Here's a Python script that you can use to remove all vowels from a string:\n\n```python\ndef remove_vowels(string):\n    vowels = \"AEIOUaeiou\"\n    new_string = \"\"\n\n    for char in string:\n        if char not in vowels:\n            new_string += char\n    return new_string\n```\n\nTo use this script, first define the function using the code above. Then, call the function and pass the string that you would like to remove vowels from as an argument. For example:\n\n```python\nmy_string = \"Hello World\"\nnew_string = remove_vowels(my_string)\nprint(new_string)\n\n# Output: Hll Wrld\n```\n*****QUESTION:***** If there is an explanation: Does the explanation list contributing factors?", "index": 759}, {"instruction": "Create a script to remove all vowels from a string", "input": "", "output": "Here's a Python script that you can use to remove all vowels from a string:\n\n```python\ndef remove_vowels(string):\n    vowels = \"AEIOUaeiou\"\n    new_string = \"\"\n\n    for char in string:\n        if char not in vowels:\n            new_string += char\n    return new_string\n```\n\nTo use this script, first define the function using the code above. Then, call the function and pass the string that you would like to remove vowels from as an argument. For example:\n\n```python\nmy_string = \"Hello World\"\nnew_string = remove_vowels(my_string)\nprint(new_string)\n\n# Output: Hll Wrld\n```", "all_data": "*****INSTRUCTION:***** Create a script to remove all vowels from a string\n\n*****OUTPUT:***** Here's a Python script that you can use to remove all vowels from a string:\n\n```python\ndef remove_vowels(string):\n    vowels = \"AEIOUaeiou\"\n    new_string = \"\"\n\n    for char in string:\n        if char not in vowels:\n            new_string += char\n    return new_string\n```\n\nTo use this script, first define the function using the code above. Then, call the function and pass the string that you would like to remove vowels from as an argument. For example:\n\n```python\nmy_string = \"Hello World\"\nnew_string = remove_vowels(my_string)\nprint(new_string)\n\n# Output: Hll Wrld\n```\n*****QUESTION:***** If there is an explanation: Does the explanation include subjective or biased criteria?", "index": 760}, {"instruction": "Create a script to remove all vowels from a string", "input": "", "output": "Here's a Python script that you can use to remove all vowels from a string:\n\n```python\ndef remove_vowels(string):\n    vowels = \"AEIOUaeiou\"\n    new_string = \"\"\n\n    for char in string:\n        if char not in vowels:\n            new_string += char\n    return new_string\n```\n\nTo use this script, first define the function using the code above. Then, call the function and pass the string that you would like to remove vowels from as an argument. For example:\n\n```python\nmy_string = \"Hello World\"\nnew_string = remove_vowels(my_string)\nprint(new_string)\n\n# Output: Hll Wrld\n```", "all_data": "*****INSTRUCTION:***** Create a script to remove all vowels from a string\n\n*****OUTPUT:***** Here's a Python script that you can use to remove all vowels from a string:\n\n```python\ndef remove_vowels(string):\n    vowels = \"AEIOUaeiou\"\n    new_string = \"\"\n\n    for char in string:\n        if char not in vowels:\n            new_string += char\n    return new_string\n```\n\nTo use this script, first define the function using the code above. Then, call the function and pass the string that you would like to remove vowels from as an argument. For example:\n\n```python\nmy_string = \"Hello World\"\nnew_string = remove_vowels(my_string)\nprint(new_string)\n\n# Output: Hll Wrld\n```\n*****QUESTION:***** If there is an explanation: Does the explanation include illustrative elements (e.g. examples)?", "index": 761}, {"instruction": "Create a script to remove all vowels from a string", "input": "", "output": "Here's a Python script that you can use to remove all vowels from a string:\n\n```python\ndef remove_vowels(string):\n    vowels = \"AEIOUaeiou\"\n    new_string = \"\"\n\n    for char in string:\n        if char not in vowels:\n            new_string += char\n    return new_string\n```\n\nTo use this script, first define the function using the code above. Then, call the function and pass the string that you would like to remove vowels from as an argument. For example:\n\n```python\nmy_string = \"Hello World\"\nnew_string = remove_vowels(my_string)\nprint(new_string)\n\n# Output: Hll Wrld\n```", "all_data": "*****INSTRUCTION:***** Create a script to remove all vowels from a string\n\n*****OUTPUT:***** Here's a Python script that you can use to remove all vowels from a string:\n\n```python\ndef remove_vowels(string):\n    vowels = \"AEIOUaeiou\"\n    new_string = \"\"\n\n    for char in string:\n        if char not in vowels:\n            new_string += char\n    return new_string\n```\n\nTo use this script, first define the function using the code above. Then, call the function and pass the string that you would like to remove vowels from as an argument. For example:\n\n```python\nmy_string = \"Hello World\"\nnew_string = remove_vowels(my_string)\nprint(new_string)\n\n# Output: Hll Wrld\n```\n*****QUESTION:***** If there is an explanation: Is the explanation misleading (e.g. arguing for a label that is wrong)?", "index": 762}, {"instruction": "Take the following string and convert it to the corresponding integer: \"126\".", "input": "\"126\"", "output": "126", "all_data": "*****INSTRUCTION:***** Take the following string and convert it to the corresponding integer: \"126\".\n\"126\"\n*****OUTPUT:***** 126\n*****QUESTION:***** Does the output contain an explanation for the prediction?", "index": 763}, {"instruction": "Take the following string and convert it to the corresponding integer: \"126\".", "input": "\"126\"", "output": "126", "all_data": "*****INSTRUCTION:***** Take the following string and convert it to the corresponding integer: \"126\".\n\"126\"\n*****OUTPUT:***** 126\n*****QUESTION:***** Would you give an explanation/justify your reasoning if you were asked this question by a friend?", "index": 764}, {"instruction": "Take the following string and convert it to the corresponding integer: \"126\".", "input": "\"126\"", "output": "126", "all_data": "*****INSTRUCTION:***** Take the following string and convert it to the corresponding integer: \"126\".\n\"126\"\n*****OUTPUT:***** 126\n*****QUESTION:***** If there is an explanation: Does the explanation refer to commonsense concepts that are taken as given?", "index": 765}, {"instruction": "Take the following string and convert it to the corresponding integer: \"126\".", "input": "\"126\"", "output": "126", "all_data": "*****INSTRUCTION:***** Take the following string and convert it to the corresponding integer: \"126\".\n\"126\"\n*****OUTPUT:***** 126\n*****QUESTION:***** If there is an explanation: Does the explanation list contributing factors?", "index": 766}, {"instruction": "Take the following string and convert it to the corresponding integer: \"126\".", "input": "\"126\"", "output": "126", "all_data": "*****INSTRUCTION:***** Take the following string and convert it to the corresponding integer: \"126\".\n\"126\"\n*****OUTPUT:***** 126\n*****QUESTION:***** If there is an explanation: Does the explanation include subjective or biased criteria?", "index": 767}, {"instruction": "Take the following string and convert it to the corresponding integer: \"126\".", "input": "\"126\"", "output": "126", "all_data": "*****INSTRUCTION:***** Take the following string and convert it to the corresponding integer: \"126\".\n\"126\"\n*****OUTPUT:***** 126\n*****QUESTION:***** If there is an explanation: Does the explanation include illustrative elements (e.g. examples)?", "index": 768}, {"instruction": "Take the following string and convert it to the corresponding integer: \"126\".", "input": "\"126\"", "output": "126", "all_data": "*****INSTRUCTION:***** Take the following string and convert it to the corresponding integer: \"126\".\n\"126\"\n*****OUTPUT:***** 126\n*****QUESTION:***** If there is an explanation: Is the explanation misleading (e.g. arguing for a label that is wrong)?", "index": 769}, {"instruction": "Provide a list of 5 items that you should always carry in your bag.", "input": "", "output": "Here are 5 items that may come in handy to always carry in your bag:\n\n1. Wallet or purse: Having your wallet or purse with you at all times can ensure that you have your identification, cash, credit cards, and other important cards with you wherever you go.\n\n2. Phone and charger: Your phone is a vital tool for communication and staying connected to the world. It's important to keep it charged, so having a charger or a portable battery pack on hand can be very helpful.\n\n3. Keys: Whether it's your house keys, car keys, or office keys, it's always a good idea to have them with you in your bag so you don't get locked out.\n\n4. Water bottle: Staying hydrated is important for your health and overall wellbeing. Carrying a reusable water bottle with you can help ensure that you always have water available to drink.\n\n5. First-aid items: Accidents and injuries can happen at any time, so it's a good idea to have some basic first-aid items in your bag such as band-aids, pain relievers, and antiseptic wipes.", "all_data": "*****INSTRUCTION:***** Provide a list of 5 items that you should always carry in your bag.\n\n*****OUTPUT:***** Here are 5 items that may come in handy to always carry in your bag:\n\n1. Wallet or purse: Having your wallet or purse with you at all times can ensure that you have your identification, cash, credit cards, and other important cards with you wherever you go.\n\n2. Phone and charger: Your phone is a vital tool for communication and staying connected to the world. It's important to keep it charged, so having a charger or a portable battery pack on hand can be very helpful.\n\n3. Keys: Whether it's your house keys, car keys, or office keys, it's always a good idea to have them with you in your bag so you don't get locked out.\n\n4. Water bottle: Staying hydrated is important for your health and overall wellbeing. Carrying a reusable water bottle with you can help ensure that you always have water available to drink.\n\n5. First-aid items: Accidents and injuries can happen at any time, so it's a good idea to have some basic first-aid items in your bag such as band-aids, pain relievers, and antiseptic wipes.\n*****QUESTION:***** Does the output contain an explanation for the prediction?", "index": 770}, {"instruction": "Provide a list of 5 items that you should always carry in your bag.", "input": "", "output": "Here are 5 items that may come in handy to always carry in your bag:\n\n1. Wallet or purse: Having your wallet or purse with you at all times can ensure that you have your identification, cash, credit cards, and other important cards with you wherever you go.\n\n2. Phone and charger: Your phone is a vital tool for communication and staying connected to the world. It's important to keep it charged, so having a charger or a portable battery pack on hand can be very helpful.\n\n3. Keys: Whether it's your house keys, car keys, or office keys, it's always a good idea to have them with you in your bag so you don't get locked out.\n\n4. Water bottle: Staying hydrated is important for your health and overall wellbeing. Carrying a reusable water bottle with you can help ensure that you always have water available to drink.\n\n5. First-aid items: Accidents and injuries can happen at any time, so it's a good idea to have some basic first-aid items in your bag such as band-aids, pain relievers, and antiseptic wipes.", "all_data": "*****INSTRUCTION:***** Provide a list of 5 items that you should always carry in your bag.\n\n*****OUTPUT:***** Here are 5 items that may come in handy to always carry in your bag:\n\n1. Wallet or purse: Having your wallet or purse with you at all times can ensure that you have your identification, cash, credit cards, and other important cards with you wherever you go.\n\n2. Phone and charger: Your phone is a vital tool for communication and staying connected to the world. It's important to keep it charged, so having a charger or a portable battery pack on hand can be very helpful.\n\n3. Keys: Whether it's your house keys, car keys, or office keys, it's always a good idea to have them with you in your bag so you don't get locked out.\n\n4. Water bottle: Staying hydrated is important for your health and overall wellbeing. Carrying a reusable water bottle with you can help ensure that you always have water available to drink.\n\n5. First-aid items: Accidents and injuries can happen at any time, so it's a good idea to have some basic first-aid items in your bag such as band-aids, pain relievers, and antiseptic wipes.\n*****QUESTION:***** Would you give an explanation/justify your reasoning if you were asked this question by a friend?", "index": 771}, {"instruction": "Provide a list of 5 items that you should always carry in your bag.", "input": "", "output": "Here are 5 items that may come in handy to always carry in your bag:\n\n1. Wallet or purse: Having your wallet or purse with you at all times can ensure that you have your identification, cash, credit cards, and other important cards with you wherever you go.\n\n2. Phone and charger: Your phone is a vital tool for communication and staying connected to the world. It's important to keep it charged, so having a charger or a portable battery pack on hand can be very helpful.\n\n3. Keys: Whether it's your house keys, car keys, or office keys, it's always a good idea to have them with you in your bag so you don't get locked out.\n\n4. Water bottle: Staying hydrated is important for your health and overall wellbeing. Carrying a reusable water bottle with you can help ensure that you always have water available to drink.\n\n5. First-aid items: Accidents and injuries can happen at any time, so it's a good idea to have some basic first-aid items in your bag such as band-aids, pain relievers, and antiseptic wipes.", "all_data": "*****INSTRUCTION:***** Provide a list of 5 items that you should always carry in your bag.\n\n*****OUTPUT:***** Here are 5 items that may come in handy to always carry in your bag:\n\n1. Wallet or purse: Having your wallet or purse with you at all times can ensure that you have your identification, cash, credit cards, and other important cards with you wherever you go.\n\n2. Phone and charger: Your phone is a vital tool for communication and staying connected to the world. It's important to keep it charged, so having a charger or a portable battery pack on hand can be very helpful.\n\n3. Keys: Whether it's your house keys, car keys, or office keys, it's always a good idea to have them with you in your bag so you don't get locked out.\n\n4. Water bottle: Staying hydrated is important for your health and overall wellbeing. Carrying a reusable water bottle with you can help ensure that you always have water available to drink.\n\n5. First-aid items: Accidents and injuries can happen at any time, so it's a good idea to have some basic first-aid items in your bag such as band-aids, pain relievers, and antiseptic wipes.\n*****QUESTION:***** If there is an explanation: Does the explanation refer to commonsense concepts that are taken as given?", "index": 772}, {"instruction": "Provide a list of 5 items that you should always carry in your bag.", "input": "", "output": "Here are 5 items that may come in handy to always carry in your bag:\n\n1. Wallet or purse: Having your wallet or purse with you at all times can ensure that you have your identification, cash, credit cards, and other important cards with you wherever you go.\n\n2. Phone and charger: Your phone is a vital tool for communication and staying connected to the world. It's important to keep it charged, so having a charger or a portable battery pack on hand can be very helpful.\n\n3. Keys: Whether it's your house keys, car keys, or office keys, it's always a good idea to have them with you in your bag so you don't get locked out.\n\n4. Water bottle: Staying hydrated is important for your health and overall wellbeing. Carrying a reusable water bottle with you can help ensure that you always have water available to drink.\n\n5. First-aid items: Accidents and injuries can happen at any time, so it's a good idea to have some basic first-aid items in your bag such as band-aids, pain relievers, and antiseptic wipes.", "all_data": "*****INSTRUCTION:***** Provide a list of 5 items that you should always carry in your bag.\n\n*****OUTPUT:***** Here are 5 items that may come in handy to always carry in your bag:\n\n1. Wallet or purse: Having your wallet or purse with you at all times can ensure that you have your identification, cash, credit cards, and other important cards with you wherever you go.\n\n2. Phone and charger: Your phone is a vital tool for communication and staying connected to the world. It's important to keep it charged, so having a charger or a portable battery pack on hand can be very helpful.\n\n3. Keys: Whether it's your house keys, car keys, or office keys, it's always a good idea to have them with you in your bag so you don't get locked out.\n\n4. Water bottle: Staying hydrated is important for your health and overall wellbeing. Carrying a reusable water bottle with you can help ensure that you always have water available to drink.\n\n5. First-aid items: Accidents and injuries can happen at any time, so it's a good idea to have some basic first-aid items in your bag such as band-aids, pain relievers, and antiseptic wipes.\n*****QUESTION:***** If there is an explanation: Does the explanation list contributing factors?", "index": 773}, {"instruction": "Provide a list of 5 items that you should always carry in your bag.", "input": "", "output": "Here are 5 items that may come in handy to always carry in your bag:\n\n1. Wallet or purse: Having your wallet or purse with you at all times can ensure that you have your identification, cash, credit cards, and other important cards with you wherever you go.\n\n2. Phone and charger: Your phone is a vital tool for communication and staying connected to the world. It's important to keep it charged, so having a charger or a portable battery pack on hand can be very helpful.\n\n3. Keys: Whether it's your house keys, car keys, or office keys, it's always a good idea to have them with you in your bag so you don't get locked out.\n\n4. Water bottle: Staying hydrated is important for your health and overall wellbeing. Carrying a reusable water bottle with you can help ensure that you always have water available to drink.\n\n5. First-aid items: Accidents and injuries can happen at any time, so it's a good idea to have some basic first-aid items in your bag such as band-aids, pain relievers, and antiseptic wipes.", "all_data": "*****INSTRUCTION:***** Provide a list of 5 items that you should always carry in your bag.\n\n*****OUTPUT:***** Here are 5 items that may come in handy to always carry in your bag:\n\n1. Wallet or purse: Having your wallet or purse with you at all times can ensure that you have your identification, cash, credit cards, and other important cards with you wherever you go.\n\n2. Phone and charger: Your phone is a vital tool for communication and staying connected to the world. It's important to keep it charged, so having a charger or a portable battery pack on hand can be very helpful.\n\n3. Keys: Whether it's your house keys, car keys, or office keys, it's always a good idea to have them with you in your bag so you don't get locked out.\n\n4. Water bottle: Staying hydrated is important for your health and overall wellbeing. Carrying a reusable water bottle with you can help ensure that you always have water available to drink.\n\n5. First-aid items: Accidents and injuries can happen at any time, so it's a good idea to have some basic first-aid items in your bag such as band-aids, pain relievers, and antiseptic wipes.\n*****QUESTION:***** If there is an explanation: Does the explanation include subjective or biased criteria?", "index": 774}, {"instruction": "Provide a list of 5 items that you should always carry in your bag.", "input": "", "output": "Here are 5 items that may come in handy to always carry in your bag:\n\n1. Wallet or purse: Having your wallet or purse with you at all times can ensure that you have your identification, cash, credit cards, and other important cards with you wherever you go.\n\n2. Phone and charger: Your phone is a vital tool for communication and staying connected to the world. It's important to keep it charged, so having a charger or a portable battery pack on hand can be very helpful.\n\n3. Keys: Whether it's your house keys, car keys, or office keys, it's always a good idea to have them with you in your bag so you don't get locked out.\n\n4. Water bottle: Staying hydrated is important for your health and overall wellbeing. Carrying a reusable water bottle with you can help ensure that you always have water available to drink.\n\n5. First-aid items: Accidents and injuries can happen at any time, so it's a good idea to have some basic first-aid items in your bag such as band-aids, pain relievers, and antiseptic wipes.", "all_data": "*****INSTRUCTION:***** Provide a list of 5 items that you should always carry in your bag.\n\n*****OUTPUT:***** Here are 5 items that may come in handy to always carry in your bag:\n\n1. Wallet or purse: Having your wallet or purse with you at all times can ensure that you have your identification, cash, credit cards, and other important cards with you wherever you go.\n\n2. Phone and charger: Your phone is a vital tool for communication and staying connected to the world. It's important to keep it charged, so having a charger or a portable battery pack on hand can be very helpful.\n\n3. Keys: Whether it's your house keys, car keys, or office keys, it's always a good idea to have them with you in your bag so you don't get locked out.\n\n4. Water bottle: Staying hydrated is important for your health and overall wellbeing. Carrying a reusable water bottle with you can help ensure that you always have water available to drink.\n\n5. First-aid items: Accidents and injuries can happen at any time, so it's a good idea to have some basic first-aid items in your bag such as band-aids, pain relievers, and antiseptic wipes.\n*****QUESTION:***** If there is an explanation: Does the explanation include illustrative elements (e.g. examples)?", "index": 775}, {"instruction": "Provide a list of 5 items that you should always carry in your bag.", "input": "", "output": "Here are 5 items that may come in handy to always carry in your bag:\n\n1. Wallet or purse: Having your wallet or purse with you at all times can ensure that you have your identification, cash, credit cards, and other important cards with you wherever you go.\n\n2. Phone and charger: Your phone is a vital tool for communication and staying connected to the world. It's important to keep it charged, so having a charger or a portable battery pack on hand can be very helpful.\n\n3. Keys: Whether it's your house keys, car keys, or office keys, it's always a good idea to have them with you in your bag so you don't get locked out.\n\n4. Water bottle: Staying hydrated is important for your health and overall wellbeing. Carrying a reusable water bottle with you can help ensure that you always have water available to drink.\n\n5. First-aid items: Accidents and injuries can happen at any time, so it's a good idea to have some basic first-aid items in your bag such as band-aids, pain relievers, and antiseptic wipes.", "all_data": "*****INSTRUCTION:***** Provide a list of 5 items that you should always carry in your bag.\n\n*****OUTPUT:***** Here are 5 items that may come in handy to always carry in your bag:\n\n1. Wallet or purse: Having your wallet or purse with you at all times can ensure that you have your identification, cash, credit cards, and other important cards with you wherever you go.\n\n2. Phone and charger: Your phone is a vital tool for communication and staying connected to the world. It's important to keep it charged, so having a charger or a portable battery pack on hand can be very helpful.\n\n3. Keys: Whether it's your house keys, car keys, or office keys, it's always a good idea to have them with you in your bag so you don't get locked out.\n\n4. Water bottle: Staying hydrated is important for your health and overall wellbeing. Carrying a reusable water bottle with you can help ensure that you always have water available to drink.\n\n5. First-aid items: Accidents and injuries can happen at any time, so it's a good idea to have some basic first-aid items in your bag such as band-aids, pain relievers, and antiseptic wipes.\n*****QUESTION:***** If there is an explanation: Is the explanation misleading (e.g. arguing for a label that is wrong)?", "index": 776}, {"instruction": "Describe the overall purpose of the code snippet.", "input": "def quick_sort(arr): \n    if len(arr) <= 1: \n        return arr \n    else: \n        return quick_sort([x for x in arr[1:] if x < arr[0]]) + [arr[0]] + quick_sort([x for x in arr[1:] if x >= arr[0]])", "output": "The overall purpose of this code snippet is to implement a sorting algorithm called quicksort, which is used to arrange the elements of the given list \"arr\" in ascending order. It does this by choosing an element (in this case, the first element of the list) as a pivot and partitioning the rest of the list around the pivot, such that elements smaller than the pivot are on the left side and elements greater than or equal to the pivot are on the right. This process is done recursively until the entire list is sorted.", "all_data": "*****INSTRUCTION:***** Describe the overall purpose of the code snippet.\ndef quick_sort(arr): \n    if len(arr) <= 1: \n        return arr \n    else: \n        return quick_sort([x for x in arr[1:] if x < arr[0]]) + [arr[0]] + quick_sort([x for x in arr[1:] if x >= arr[0]])\n*****OUTPUT:***** The overall purpose of this code snippet is to implement a sorting algorithm called quicksort, which is used to arrange the elements of the given list \"arr\" in ascending order. It does this by choosing an element (in this case, the first element of the list) as a pivot and partitioning the rest of the list around the pivot, such that elements smaller than the pivot are on the left side and elements greater than or equal to the pivot are on the right. This process is done recursively until the entire list is sorted.\n*****QUESTION:***** Does the output contain an explanation for the prediction?", "index": 777}, {"instruction": "Describe the overall purpose of the code snippet.", "input": "def quick_sort(arr): \n    if len(arr) <= 1: \n        return arr \n    else: \n        return quick_sort([x for x in arr[1:] if x < arr[0]]) + [arr[0]] + quick_sort([x for x in arr[1:] if x >= arr[0]])", "output": "The overall purpose of this code snippet is to implement a sorting algorithm called quicksort, which is used to arrange the elements of the given list \"arr\" in ascending order. It does this by choosing an element (in this case, the first element of the list) as a pivot and partitioning the rest of the list around the pivot, such that elements smaller than the pivot are on the left side and elements greater than or equal to the pivot are on the right. This process is done recursively until the entire list is sorted.", "all_data": "*****INSTRUCTION:***** Describe the overall purpose of the code snippet.\ndef quick_sort(arr): \n    if len(arr) <= 1: \n        return arr \n    else: \n        return quick_sort([x for x in arr[1:] if x < arr[0]]) + [arr[0]] + quick_sort([x for x in arr[1:] if x >= arr[0]])\n*****OUTPUT:***** The overall purpose of this code snippet is to implement a sorting algorithm called quicksort, which is used to arrange the elements of the given list \"arr\" in ascending order. It does this by choosing an element (in this case, the first element of the list) as a pivot and partitioning the rest of the list around the pivot, such that elements smaller than the pivot are on the left side and elements greater than or equal to the pivot are on the right. This process is done recursively until the entire list is sorted.\n*****QUESTION:***** Would you give an explanation/justify your reasoning if you were asked this question by a friend?", "index": 778}, {"instruction": "Describe the overall purpose of the code snippet.", "input": "def quick_sort(arr): \n    if len(arr) <= 1: \n        return arr \n    else: \n        return quick_sort([x for x in arr[1:] if x < arr[0]]) + [arr[0]] + quick_sort([x for x in arr[1:] if x >= arr[0]])", "output": "The overall purpose of this code snippet is to implement a sorting algorithm called quicksort, which is used to arrange the elements of the given list \"arr\" in ascending order. It does this by choosing an element (in this case, the first element of the list) as a pivot and partitioning the rest of the list around the pivot, such that elements smaller than the pivot are on the left side and elements greater than or equal to the pivot are on the right. This process is done recursively until the entire list is sorted.", "all_data": "*****INSTRUCTION:***** Describe the overall purpose of the code snippet.\ndef quick_sort(arr): \n    if len(arr) <= 1: \n        return arr \n    else: \n        return quick_sort([x for x in arr[1:] if x < arr[0]]) + [arr[0]] + quick_sort([x for x in arr[1:] if x >= arr[0]])\n*****OUTPUT:***** The overall purpose of this code snippet is to implement a sorting algorithm called quicksort, which is used to arrange the elements of the given list \"arr\" in ascending order. It does this by choosing an element (in this case, the first element of the list) as a pivot and partitioning the rest of the list around the pivot, such that elements smaller than the pivot are on the left side and elements greater than or equal to the pivot are on the right. This process is done recursively until the entire list is sorted.\n*****QUESTION:***** If there is an explanation: Does the explanation refer to commonsense concepts that are taken as given?", "index": 779}, {"instruction": "Describe the overall purpose of the code snippet.", "input": "def quick_sort(arr): \n    if len(arr) <= 1: \n        return arr \n    else: \n        return quick_sort([x for x in arr[1:] if x < arr[0]]) + [arr[0]] + quick_sort([x for x in arr[1:] if x >= arr[0]])", "output": "The overall purpose of this code snippet is to implement a sorting algorithm called quicksort, which is used to arrange the elements of the given list \"arr\" in ascending order. It does this by choosing an element (in this case, the first element of the list) as a pivot and partitioning the rest of the list around the pivot, such that elements smaller than the pivot are on the left side and elements greater than or equal to the pivot are on the right. This process is done recursively until the entire list is sorted.", "all_data": "*****INSTRUCTION:***** Describe the overall purpose of the code snippet.\ndef quick_sort(arr): \n    if len(arr) <= 1: \n        return arr \n    else: \n        return quick_sort([x for x in arr[1:] if x < arr[0]]) + [arr[0]] + quick_sort([x for x in arr[1:] if x >= arr[0]])\n*****OUTPUT:***** The overall purpose of this code snippet is to implement a sorting algorithm called quicksort, which is used to arrange the elements of the given list \"arr\" in ascending order. It does this by choosing an element (in this case, the first element of the list) as a pivot and partitioning the rest of the list around the pivot, such that elements smaller than the pivot are on the left side and elements greater than or equal to the pivot are on the right. This process is done recursively until the entire list is sorted.\n*****QUESTION:***** If there is an explanation: Does the explanation list contributing factors?", "index": 780}, {"instruction": "Describe the overall purpose of the code snippet.", "input": "def quick_sort(arr): \n    if len(arr) <= 1: \n        return arr \n    else: \n        return quick_sort([x for x in arr[1:] if x < arr[0]]) + [arr[0]] + quick_sort([x for x in arr[1:] if x >= arr[0]])", "output": "The overall purpose of this code snippet is to implement a sorting algorithm called quicksort, which is used to arrange the elements of the given list \"arr\" in ascending order. It does this by choosing an element (in this case, the first element of the list) as a pivot and partitioning the rest of the list around the pivot, such that elements smaller than the pivot are on the left side and elements greater than or equal to the pivot are on the right. This process is done recursively until the entire list is sorted.", "all_data": "*****INSTRUCTION:***** Describe the overall purpose of the code snippet.\ndef quick_sort(arr): \n    if len(arr) <= 1: \n        return arr \n    else: \n        return quick_sort([x for x in arr[1:] if x < arr[0]]) + [arr[0]] + quick_sort([x for x in arr[1:] if x >= arr[0]])\n*****OUTPUT:***** The overall purpose of this code snippet is to implement a sorting algorithm called quicksort, which is used to arrange the elements of the given list \"arr\" in ascending order. It does this by choosing an element (in this case, the first element of the list) as a pivot and partitioning the rest of the list around the pivot, such that elements smaller than the pivot are on the left side and elements greater than or equal to the pivot are on the right. This process is done recursively until the entire list is sorted.\n*****QUESTION:***** If there is an explanation: Does the explanation include subjective or biased criteria?", "index": 781}, {"instruction": "Describe the overall purpose of the code snippet.", "input": "def quick_sort(arr): \n    if len(arr) <= 1: \n        return arr \n    else: \n        return quick_sort([x for x in arr[1:] if x < arr[0]]) + [arr[0]] + quick_sort([x for x in arr[1:] if x >= arr[0]])", "output": "The overall purpose of this code snippet is to implement a sorting algorithm called quicksort, which is used to arrange the elements of the given list \"arr\" in ascending order. It does this by choosing an element (in this case, the first element of the list) as a pivot and partitioning the rest of the list around the pivot, such that elements smaller than the pivot are on the left side and elements greater than or equal to the pivot are on the right. This process is done recursively until the entire list is sorted.", "all_data": "*****INSTRUCTION:***** Describe the overall purpose of the code snippet.\ndef quick_sort(arr): \n    if len(arr) <= 1: \n        return arr \n    else: \n        return quick_sort([x for x in arr[1:] if x < arr[0]]) + [arr[0]] + quick_sort([x for x in arr[1:] if x >= arr[0]])\n*****OUTPUT:***** The overall purpose of this code snippet is to implement a sorting algorithm called quicksort, which is used to arrange the elements of the given list \"arr\" in ascending order. It does this by choosing an element (in this case, the first element of the list) as a pivot and partitioning the rest of the list around the pivot, such that elements smaller than the pivot are on the left side and elements greater than or equal to the pivot are on the right. This process is done recursively until the entire list is sorted.\n*****QUESTION:***** If there is an explanation: Does the explanation include illustrative elements (e.g. examples)?", "index": 782}, {"instruction": "Describe the overall purpose of the code snippet.", "input": "def quick_sort(arr): \n    if len(arr) <= 1: \n        return arr \n    else: \n        return quick_sort([x for x in arr[1:] if x < arr[0]]) + [arr[0]] + quick_sort([x for x in arr[1:] if x >= arr[0]])", "output": "The overall purpose of this code snippet is to implement a sorting algorithm called quicksort, which is used to arrange the elements of the given list \"arr\" in ascending order. It does this by choosing an element (in this case, the first element of the list) as a pivot and partitioning the rest of the list around the pivot, such that elements smaller than the pivot are on the left side and elements greater than or equal to the pivot are on the right. This process is done recursively until the entire list is sorted.", "all_data": "*****INSTRUCTION:***** Describe the overall purpose of the code snippet.\ndef quick_sort(arr): \n    if len(arr) <= 1: \n        return arr \n    else: \n        return quick_sort([x for x in arr[1:] if x < arr[0]]) + [arr[0]] + quick_sort([x for x in arr[1:] if x >= arr[0]])\n*****OUTPUT:***** The overall purpose of this code snippet is to implement a sorting algorithm called quicksort, which is used to arrange the elements of the given list \"arr\" in ascending order. It does this by choosing an element (in this case, the first element of the list) as a pivot and partitioning the rest of the list around the pivot, such that elements smaller than the pivot are on the left side and elements greater than or equal to the pivot are on the right. This process is done recursively until the entire list is sorted.\n*****QUESTION:***** If there is an explanation: Is the explanation misleading (e.g. arguing for a label that is wrong)?", "index": 783}, {"instruction": "Name three important figures in the American Revolution.", "input": "", "output": "1. George Washington - He was the Commander-in-Chief of the Continental Army and led the American colonies to victory against the British.\n\n2. Thomas Jefferson- He was the primary author of the Declaration of Independence and played a key role in shaping the ideals of the new nation.\n\n3. Benjamin Franklin - He was an influential statesman, scientist, and writer who helped to negotiate the Treaty of Paris, which officially ended the Revolutionary War.", "all_data": "*****INSTRUCTION:***** Name three important figures in the American Revolution.\n\n*****OUTPUT:***** 1. George Washington - He was the Commander-in-Chief of the Continental Army and led the American colonies to victory against the British.\n\n2. Thomas Jefferson- He was the primary author of the Declaration of Independence and played a key role in shaping the ideals of the new nation.\n\n3. Benjamin Franklin - He was an influential statesman, scientist, and writer who helped to negotiate the Treaty of Paris, which officially ended the Revolutionary War.\n*****QUESTION:***** Does the output contain an explanation for the prediction?", "index": 784}, {"instruction": "Name three important figures in the American Revolution.", "input": "", "output": "1. George Washington - He was the Commander-in-Chief of the Continental Army and led the American colonies to victory against the British.\n\n2. Thomas Jefferson- He was the primary author of the Declaration of Independence and played a key role in shaping the ideals of the new nation.\n\n3. Benjamin Franklin - He was an influential statesman, scientist, and writer who helped to negotiate the Treaty of Paris, which officially ended the Revolutionary War.", "all_data": "*****INSTRUCTION:***** Name three important figures in the American Revolution.\n\n*****OUTPUT:***** 1. George Washington - He was the Commander-in-Chief of the Continental Army and led the American colonies to victory against the British.\n\n2. Thomas Jefferson- He was the primary author of the Declaration of Independence and played a key role in shaping the ideals of the new nation.\n\n3. Benjamin Franklin - He was an influential statesman, scientist, and writer who helped to negotiate the Treaty of Paris, which officially ended the Revolutionary War.\n*****QUESTION:***** Would you give an explanation/justify your reasoning if you were asked this question by a friend?", "index": 785}, {"instruction": "Name three important figures in the American Revolution.", "input": "", "output": "1. George Washington - He was the Commander-in-Chief of the Continental Army and led the American colonies to victory against the British.\n\n2. Thomas Jefferson- He was the primary author of the Declaration of Independence and played a key role in shaping the ideals of the new nation.\n\n3. Benjamin Franklin - He was an influential statesman, scientist, and writer who helped to negotiate the Treaty of Paris, which officially ended the Revolutionary War.", "all_data": "*****INSTRUCTION:***** Name three important figures in the American Revolution.\n\n*****OUTPUT:***** 1. George Washington - He was the Commander-in-Chief of the Continental Army and led the American colonies to victory against the British.\n\n2. Thomas Jefferson- He was the primary author of the Declaration of Independence and played a key role in shaping the ideals of the new nation.\n\n3. Benjamin Franklin - He was an influential statesman, scientist, and writer who helped to negotiate the Treaty of Paris, which officially ended the Revolutionary War.\n*****QUESTION:***** If there is an explanation: Does the explanation refer to commonsense concepts that are taken as given?", "index": 786}, {"instruction": "Name three important figures in the American Revolution.", "input": "", "output": "1. George Washington - He was the Commander-in-Chief of the Continental Army and led the American colonies to victory against the British.\n\n2. Thomas Jefferson- He was the primary author of the Declaration of Independence and played a key role in shaping the ideals of the new nation.\n\n3. Benjamin Franklin - He was an influential statesman, scientist, and writer who helped to negotiate the Treaty of Paris, which officially ended the Revolutionary War.", "all_data": "*****INSTRUCTION:***** Name three important figures in the American Revolution.\n\n*****OUTPUT:***** 1. George Washington - He was the Commander-in-Chief of the Continental Army and led the American colonies to victory against the British.\n\n2. Thomas Jefferson- He was the primary author of the Declaration of Independence and played a key role in shaping the ideals of the new nation.\n\n3. Benjamin Franklin - He was an influential statesman, scientist, and writer who helped to negotiate the Treaty of Paris, which officially ended the Revolutionary War.\n*****QUESTION:***** If there is an explanation: Does the explanation list contributing factors?", "index": 787}, {"instruction": "Name three important figures in the American Revolution.", "input": "", "output": "1. George Washington - He was the Commander-in-Chief of the Continental Army and led the American colonies to victory against the British.\n\n2. Thomas Jefferson- He was the primary author of the Declaration of Independence and played a key role in shaping the ideals of the new nation.\n\n3. Benjamin Franklin - He was an influential statesman, scientist, and writer who helped to negotiate the Treaty of Paris, which officially ended the Revolutionary War.", "all_data": "*****INSTRUCTION:***** Name three important figures in the American Revolution.\n\n*****OUTPUT:***** 1. George Washington - He was the Commander-in-Chief of the Continental Army and led the American colonies to victory against the British.\n\n2. Thomas Jefferson- He was the primary author of the Declaration of Independence and played a key role in shaping the ideals of the new nation.\n\n3. Benjamin Franklin - He was an influential statesman, scientist, and writer who helped to negotiate the Treaty of Paris, which officially ended the Revolutionary War.\n*****QUESTION:***** If there is an explanation: Does the explanation include subjective or biased criteria?", "index": 788}, {"instruction": "Name three important figures in the American Revolution.", "input": "", "output": "1. George Washington - He was the Commander-in-Chief of the Continental Army and led the American colonies to victory against the British.\n\n2. Thomas Jefferson- He was the primary author of the Declaration of Independence and played a key role in shaping the ideals of the new nation.\n\n3. Benjamin Franklin - He was an influential statesman, scientist, and writer who helped to negotiate the Treaty of Paris, which officially ended the Revolutionary War.", "all_data": "*****INSTRUCTION:***** Name three important figures in the American Revolution.\n\n*****OUTPUT:***** 1. George Washington - He was the Commander-in-Chief of the Continental Army and led the American colonies to victory against the British.\n\n2. Thomas Jefferson- He was the primary author of the Declaration of Independence and played a key role in shaping the ideals of the new nation.\n\n3. Benjamin Franklin - He was an influential statesman, scientist, and writer who helped to negotiate the Treaty of Paris, which officially ended the Revolutionary War.\n*****QUESTION:***** If there is an explanation: Does the explanation include illustrative elements (e.g. examples)?", "index": 789}, {"instruction": "Name three important figures in the American Revolution.", "input": "", "output": "1. George Washington - He was the Commander-in-Chief of the Continental Army and led the American colonies to victory against the British.\n\n2. Thomas Jefferson- He was the primary author of the Declaration of Independence and played a key role in shaping the ideals of the new nation.\n\n3. Benjamin Franklin - He was an influential statesman, scientist, and writer who helped to negotiate the Treaty of Paris, which officially ended the Revolutionary War.", "all_data": "*****INSTRUCTION:***** Name three important figures in the American Revolution.\n\n*****OUTPUT:***** 1. George Washington - He was the Commander-in-Chief of the Continental Army and led the American colonies to victory against the British.\n\n2. Thomas Jefferson- He was the primary author of the Declaration of Independence and played a key role in shaping the ideals of the new nation.\n\n3. Benjamin Franklin - He was an influential statesman, scientist, and writer who helped to negotiate the Treaty of Paris, which officially ended the Revolutionary War.\n*****QUESTION:***** If there is an explanation: Is the explanation misleading (e.g. arguing for a label that is wrong)?", "index": 790}, {"instruction": "What activities would you do to help the environment?", "input": "", "output": "As an AI, I do not have a physical form to engage in direct activities, however, I can certainly provide suggestions and advice to help you make a positive impact on the environment. Here are some activities you can do to help improve the environment:\n\n1. Reduce, reuse, and recycle: Limit the amount of waste you generate by avoiding single-use items, repurposing items, and recycling as much as possible.\n\n2. Conserve water: Be mindful of your water usage and try to cut back where possible. Fix leaks, take shorter showers, and use drought-resistant plants in your landscaping.\n\n3. Plant trees and vegetation: Trees and plants not only provide habitat for wildlife, but also help to improve the air quality, and prevent soil erosion.\n\n4. Use public transportation, carpool, or walk/bike: Reducing the number of cars on the road can significantly decrease greenhouse gas emissions.\n\n5. Practice energy conservation: Making simple changes like turning off lights when you leave a room, using energy-efficient lightbulbs, and unplugging electronics when they\u2019re not in use can help reduce your carbon footprint.\n\n6. Support environmentally-conscious organizations: Consider volunteering with, or financially supporting, organizations working to protect the environment.\n\n7. Be mindful of your purchases: Choose environmentally-friendly products and try to buy from companies with a good track record in terms of sustainability.\n\nOverall, the key is to be aware of the impact your actions have on the environment, and to make conscious choices to reduce any negative effects.", "all_data": "*****INSTRUCTION:***** What activities would you do to help the environment?\n\n*****OUTPUT:***** As an AI, I do not have a physical form to engage in direct activities, however, I can certainly provide suggestions and advice to help you make a positive impact on the environment. Here are some activities you can do to help improve the environment:\n\n1. Reduce, reuse, and recycle: Limit the amount of waste you generate by avoiding single-use items, repurposing items, and recycling as much as possible.\n\n2. Conserve water: Be mindful of your water usage and try to cut back where possible. Fix leaks, take shorter showers, and use drought-resistant plants in your landscaping.\n\n3. Plant trees and vegetation: Trees and plants not only provide habitat for wildlife, but also help to improve the air quality, and prevent soil erosion.\n\n4. Use public transportation, carpool, or walk/bike: Reducing the number of cars on the road can significantly decrease greenhouse gas emissions.\n\n5. Practice energy conservation: Making simple changes like turning off lights when you leave a room, using energy-efficient lightbulbs, and unplugging electronics when they\u2019re not in use can help reduce your carbon footprint.\n\n6. Support environmentally-conscious organizations: Consider volunteering with, or financially supporting, organizations working to protect the environment.\n\n7. Be mindful of your purchases: Choose environmentally-friendly products and try to buy from companies with a good track record in terms of sustainability.\n\nOverall, the key is to be aware of the impact your actions have on the environment, and to make conscious choices to reduce any negative effects.\n*****QUESTION:***** Does the output contain an explanation for the prediction?", "index": 791}, {"instruction": "What activities would you do to help the environment?", "input": "", "output": "As an AI, I do not have a physical form to engage in direct activities, however, I can certainly provide suggestions and advice to help you make a positive impact on the environment. Here are some activities you can do to help improve the environment:\n\n1. Reduce, reuse, and recycle: Limit the amount of waste you generate by avoiding single-use items, repurposing items, and recycling as much as possible.\n\n2. Conserve water: Be mindful of your water usage and try to cut back where possible. Fix leaks, take shorter showers, and use drought-resistant plants in your landscaping.\n\n3. Plant trees and vegetation: Trees and plants not only provide habitat for wildlife, but also help to improve the air quality, and prevent soil erosion.\n\n4. Use public transportation, carpool, or walk/bike: Reducing the number of cars on the road can significantly decrease greenhouse gas emissions.\n\n5. Practice energy conservation: Making simple changes like turning off lights when you leave a room, using energy-efficient lightbulbs, and unplugging electronics when they\u2019re not in use can help reduce your carbon footprint.\n\n6. Support environmentally-conscious organizations: Consider volunteering with, or financially supporting, organizations working to protect the environment.\n\n7. Be mindful of your purchases: Choose environmentally-friendly products and try to buy from companies with a good track record in terms of sustainability.\n\nOverall, the key is to be aware of the impact your actions have on the environment, and to make conscious choices to reduce any negative effects.", "all_data": "*****INSTRUCTION:***** What activities would you do to help the environment?\n\n*****OUTPUT:***** As an AI, I do not have a physical form to engage in direct activities, however, I can certainly provide suggestions and advice to help you make a positive impact on the environment. Here are some activities you can do to help improve the environment:\n\n1. Reduce, reuse, and recycle: Limit the amount of waste you generate by avoiding single-use items, repurposing items, and recycling as much as possible.\n\n2. Conserve water: Be mindful of your water usage and try to cut back where possible. Fix leaks, take shorter showers, and use drought-resistant plants in your landscaping.\n\n3. Plant trees and vegetation: Trees and plants not only provide habitat for wildlife, but also help to improve the air quality, and prevent soil erosion.\n\n4. Use public transportation, carpool, or walk/bike: Reducing the number of cars on the road can significantly decrease greenhouse gas emissions.\n\n5. Practice energy conservation: Making simple changes like turning off lights when you leave a room, using energy-efficient lightbulbs, and unplugging electronics when they\u2019re not in use can help reduce your carbon footprint.\n\n6. Support environmentally-conscious organizations: Consider volunteering with, or financially supporting, organizations working to protect the environment.\n\n7. Be mindful of your purchases: Choose environmentally-friendly products and try to buy from companies with a good track record in terms of sustainability.\n\nOverall, the key is to be aware of the impact your actions have on the environment, and to make conscious choices to reduce any negative effects.\n*****QUESTION:***** Would you give an explanation/justify your reasoning if you were asked this question by a friend?", "index": 792}, {"instruction": "What activities would you do to help the environment?", "input": "", "output": "As an AI, I do not have a physical form to engage in direct activities, however, I can certainly provide suggestions and advice to help you make a positive impact on the environment. Here are some activities you can do to help improve the environment:\n\n1. Reduce, reuse, and recycle: Limit the amount of waste you generate by avoiding single-use items, repurposing items, and recycling as much as possible.\n\n2. Conserve water: Be mindful of your water usage and try to cut back where possible. Fix leaks, take shorter showers, and use drought-resistant plants in your landscaping.\n\n3. Plant trees and vegetation: Trees and plants not only provide habitat for wildlife, but also help to improve the air quality, and prevent soil erosion.\n\n4. Use public transportation, carpool, or walk/bike: Reducing the number of cars on the road can significantly decrease greenhouse gas emissions.\n\n5. Practice energy conservation: Making simple changes like turning off lights when you leave a room, using energy-efficient lightbulbs, and unplugging electronics when they\u2019re not in use can help reduce your carbon footprint.\n\n6. Support environmentally-conscious organizations: Consider volunteering with, or financially supporting, organizations working to protect the environment.\n\n7. Be mindful of your purchases: Choose environmentally-friendly products and try to buy from companies with a good track record in terms of sustainability.\n\nOverall, the key is to be aware of the impact your actions have on the environment, and to make conscious choices to reduce any negative effects.", "all_data": "*****INSTRUCTION:***** What activities would you do to help the environment?\n\n*****OUTPUT:***** As an AI, I do not have a physical form to engage in direct activities, however, I can certainly provide suggestions and advice to help you make a positive impact on the environment. Here are some activities you can do to help improve the environment:\n\n1. Reduce, reuse, and recycle: Limit the amount of waste you generate by avoiding single-use items, repurposing items, and recycling as much as possible.\n\n2. Conserve water: Be mindful of your water usage and try to cut back where possible. Fix leaks, take shorter showers, and use drought-resistant plants in your landscaping.\n\n3. Plant trees and vegetation: Trees and plants not only provide habitat for wildlife, but also help to improve the air quality, and prevent soil erosion.\n\n4. Use public transportation, carpool, or walk/bike: Reducing the number of cars on the road can significantly decrease greenhouse gas emissions.\n\n5. Practice energy conservation: Making simple changes like turning off lights when you leave a room, using energy-efficient lightbulbs, and unplugging electronics when they\u2019re not in use can help reduce your carbon footprint.\n\n6. Support environmentally-conscious organizations: Consider volunteering with, or financially supporting, organizations working to protect the environment.\n\n7. Be mindful of your purchases: Choose environmentally-friendly products and try to buy from companies with a good track record in terms of sustainability.\n\nOverall, the key is to be aware of the impact your actions have on the environment, and to make conscious choices to reduce any negative effects.\n*****QUESTION:***** If there is an explanation: Does the explanation refer to commonsense concepts that are taken as given?", "index": 793}, {"instruction": "What activities would you do to help the environment?", "input": "", "output": "As an AI, I do not have a physical form to engage in direct activities, however, I can certainly provide suggestions and advice to help you make a positive impact on the environment. Here are some activities you can do to help improve the environment:\n\n1. Reduce, reuse, and recycle: Limit the amount of waste you generate by avoiding single-use items, repurposing items, and recycling as much as possible.\n\n2. Conserve water: Be mindful of your water usage and try to cut back where possible. Fix leaks, take shorter showers, and use drought-resistant plants in your landscaping.\n\n3. Plant trees and vegetation: Trees and plants not only provide habitat for wildlife, but also help to improve the air quality, and prevent soil erosion.\n\n4. Use public transportation, carpool, or walk/bike: Reducing the number of cars on the road can significantly decrease greenhouse gas emissions.\n\n5. Practice energy conservation: Making simple changes like turning off lights when you leave a room, using energy-efficient lightbulbs, and unplugging electronics when they\u2019re not in use can help reduce your carbon footprint.\n\n6. Support environmentally-conscious organizations: Consider volunteering with, or financially supporting, organizations working to protect the environment.\n\n7. Be mindful of your purchases: Choose environmentally-friendly products and try to buy from companies with a good track record in terms of sustainability.\n\nOverall, the key is to be aware of the impact your actions have on the environment, and to make conscious choices to reduce any negative effects.", "all_data": "*****INSTRUCTION:***** What activities would you do to help the environment?\n\n*****OUTPUT:***** As an AI, I do not have a physical form to engage in direct activities, however, I can certainly provide suggestions and advice to help you make a positive impact on the environment. Here are some activities you can do to help improve the environment:\n\n1. Reduce, reuse, and recycle: Limit the amount of waste you generate by avoiding single-use items, repurposing items, and recycling as much as possible.\n\n2. Conserve water: Be mindful of your water usage and try to cut back where possible. Fix leaks, take shorter showers, and use drought-resistant plants in your landscaping.\n\n3. Plant trees and vegetation: Trees and plants not only provide habitat for wildlife, but also help to improve the air quality, and prevent soil erosion.\n\n4. Use public transportation, carpool, or walk/bike: Reducing the number of cars on the road can significantly decrease greenhouse gas emissions.\n\n5. Practice energy conservation: Making simple changes like turning off lights when you leave a room, using energy-efficient lightbulbs, and unplugging electronics when they\u2019re not in use can help reduce your carbon footprint.\n\n6. Support environmentally-conscious organizations: Consider volunteering with, or financially supporting, organizations working to protect the environment.\n\n7. Be mindful of your purchases: Choose environmentally-friendly products and try to buy from companies with a good track record in terms of sustainability.\n\nOverall, the key is to be aware of the impact your actions have on the environment, and to make conscious choices to reduce any negative effects.\n*****QUESTION:***** If there is an explanation: Does the explanation list contributing factors?", "index": 794}, {"instruction": "What activities would you do to help the environment?", "input": "", "output": "As an AI, I do not have a physical form to engage in direct activities, however, I can certainly provide suggestions and advice to help you make a positive impact on the environment. Here are some activities you can do to help improve the environment:\n\n1. Reduce, reuse, and recycle: Limit the amount of waste you generate by avoiding single-use items, repurposing items, and recycling as much as possible.\n\n2. Conserve water: Be mindful of your water usage and try to cut back where possible. Fix leaks, take shorter showers, and use drought-resistant plants in your landscaping.\n\n3. Plant trees and vegetation: Trees and plants not only provide habitat for wildlife, but also help to improve the air quality, and prevent soil erosion.\n\n4. Use public transportation, carpool, or walk/bike: Reducing the number of cars on the road can significantly decrease greenhouse gas emissions.\n\n5. Practice energy conservation: Making simple changes like turning off lights when you leave a room, using energy-efficient lightbulbs, and unplugging electronics when they\u2019re not in use can help reduce your carbon footprint.\n\n6. Support environmentally-conscious organizations: Consider volunteering with, or financially supporting, organizations working to protect the environment.\n\n7. Be mindful of your purchases: Choose environmentally-friendly products and try to buy from companies with a good track record in terms of sustainability.\n\nOverall, the key is to be aware of the impact your actions have on the environment, and to make conscious choices to reduce any negative effects.", "all_data": "*****INSTRUCTION:***** What activities would you do to help the environment?\n\n*****OUTPUT:***** As an AI, I do not have a physical form to engage in direct activities, however, I can certainly provide suggestions and advice to help you make a positive impact on the environment. Here are some activities you can do to help improve the environment:\n\n1. Reduce, reuse, and recycle: Limit the amount of waste you generate by avoiding single-use items, repurposing items, and recycling as much as possible.\n\n2. Conserve water: Be mindful of your water usage and try to cut back where possible. Fix leaks, take shorter showers, and use drought-resistant plants in your landscaping.\n\n3. Plant trees and vegetation: Trees and plants not only provide habitat for wildlife, but also help to improve the air quality, and prevent soil erosion.\n\n4. Use public transportation, carpool, or walk/bike: Reducing the number of cars on the road can significantly decrease greenhouse gas emissions.\n\n5. Practice energy conservation: Making simple changes like turning off lights when you leave a room, using energy-efficient lightbulbs, and unplugging electronics when they\u2019re not in use can help reduce your carbon footprint.\n\n6. Support environmentally-conscious organizations: Consider volunteering with, or financially supporting, organizations working to protect the environment.\n\n7. Be mindful of your purchases: Choose environmentally-friendly products and try to buy from companies with a good track record in terms of sustainability.\n\nOverall, the key is to be aware of the impact your actions have on the environment, and to make conscious choices to reduce any negative effects.\n*****QUESTION:***** If there is an explanation: Does the explanation include subjective or biased criteria?", "index": 795}, {"instruction": "What activities would you do to help the environment?", "input": "", "output": "As an AI, I do not have a physical form to engage in direct activities, however, I can certainly provide suggestions and advice to help you make a positive impact on the environment. Here are some activities you can do to help improve the environment:\n\n1. Reduce, reuse, and recycle: Limit the amount of waste you generate by avoiding single-use items, repurposing items, and recycling as much as possible.\n\n2. Conserve water: Be mindful of your water usage and try to cut back where possible. Fix leaks, take shorter showers, and use drought-resistant plants in your landscaping.\n\n3. Plant trees and vegetation: Trees and plants not only provide habitat for wildlife, but also help to improve the air quality, and prevent soil erosion.\n\n4. Use public transportation, carpool, or walk/bike: Reducing the number of cars on the road can significantly decrease greenhouse gas emissions.\n\n5. Practice energy conservation: Making simple changes like turning off lights when you leave a room, using energy-efficient lightbulbs, and unplugging electronics when they\u2019re not in use can help reduce your carbon footprint.\n\n6. Support environmentally-conscious organizations: Consider volunteering with, or financially supporting, organizations working to protect the environment.\n\n7. Be mindful of your purchases: Choose environmentally-friendly products and try to buy from companies with a good track record in terms of sustainability.\n\nOverall, the key is to be aware of the impact your actions have on the environment, and to make conscious choices to reduce any negative effects.", "all_data": "*****INSTRUCTION:***** What activities would you do to help the environment?\n\n*****OUTPUT:***** As an AI, I do not have a physical form to engage in direct activities, however, I can certainly provide suggestions and advice to help you make a positive impact on the environment. Here are some activities you can do to help improve the environment:\n\n1. Reduce, reuse, and recycle: Limit the amount of waste you generate by avoiding single-use items, repurposing items, and recycling as much as possible.\n\n2. Conserve water: Be mindful of your water usage and try to cut back where possible. Fix leaks, take shorter showers, and use drought-resistant plants in your landscaping.\n\n3. Plant trees and vegetation: Trees and plants not only provide habitat for wildlife, but also help to improve the air quality, and prevent soil erosion.\n\n4. Use public transportation, carpool, or walk/bike: Reducing the number of cars on the road can significantly decrease greenhouse gas emissions.\n\n5. Practice energy conservation: Making simple changes like turning off lights when you leave a room, using energy-efficient lightbulbs, and unplugging electronics when they\u2019re not in use can help reduce your carbon footprint.\n\n6. Support environmentally-conscious organizations: Consider volunteering with, or financially supporting, organizations working to protect the environment.\n\n7. Be mindful of your purchases: Choose environmentally-friendly products and try to buy from companies with a good track record in terms of sustainability.\n\nOverall, the key is to be aware of the impact your actions have on the environment, and to make conscious choices to reduce any negative effects.\n*****QUESTION:***** If there is an explanation: Does the explanation include illustrative elements (e.g. examples)?", "index": 796}, {"instruction": "What activities would you do to help the environment?", "input": "", "output": "As an AI, I do not have a physical form to engage in direct activities, however, I can certainly provide suggestions and advice to help you make a positive impact on the environment. Here are some activities you can do to help improve the environment:\n\n1. Reduce, reuse, and recycle: Limit the amount of waste you generate by avoiding single-use items, repurposing items, and recycling as much as possible.\n\n2. Conserve water: Be mindful of your water usage and try to cut back where possible. Fix leaks, take shorter showers, and use drought-resistant plants in your landscaping.\n\n3. Plant trees and vegetation: Trees and plants not only provide habitat for wildlife, but also help to improve the air quality, and prevent soil erosion.\n\n4. Use public transportation, carpool, or walk/bike: Reducing the number of cars on the road can significantly decrease greenhouse gas emissions.\n\n5. Practice energy conservation: Making simple changes like turning off lights when you leave a room, using energy-efficient lightbulbs, and unplugging electronics when they\u2019re not in use can help reduce your carbon footprint.\n\n6. Support environmentally-conscious organizations: Consider volunteering with, or financially supporting, organizations working to protect the environment.\n\n7. Be mindful of your purchases: Choose environmentally-friendly products and try to buy from companies with a good track record in terms of sustainability.\n\nOverall, the key is to be aware of the impact your actions have on the environment, and to make conscious choices to reduce any negative effects.", "all_data": "*****INSTRUCTION:***** What activities would you do to help the environment?\n\n*****OUTPUT:***** As an AI, I do not have a physical form to engage in direct activities, however, I can certainly provide suggestions and advice to help you make a positive impact on the environment. Here are some activities you can do to help improve the environment:\n\n1. Reduce, reuse, and recycle: Limit the amount of waste you generate by avoiding single-use items, repurposing items, and recycling as much as possible.\n\n2. Conserve water: Be mindful of your water usage and try to cut back where possible. Fix leaks, take shorter showers, and use drought-resistant plants in your landscaping.\n\n3. Plant trees and vegetation: Trees and plants not only provide habitat for wildlife, but also help to improve the air quality, and prevent soil erosion.\n\n4. Use public transportation, carpool, or walk/bike: Reducing the number of cars on the road can significantly decrease greenhouse gas emissions.\n\n5. Practice energy conservation: Making simple changes like turning off lights when you leave a room, using energy-efficient lightbulbs, and unplugging electronics when they\u2019re not in use can help reduce your carbon footprint.\n\n6. Support environmentally-conscious organizations: Consider volunteering with, or financially supporting, organizations working to protect the environment.\n\n7. Be mindful of your purchases: Choose environmentally-friendly products and try to buy from companies with a good track record in terms of sustainability.\n\nOverall, the key is to be aware of the impact your actions have on the environment, and to make conscious choices to reduce any negative effects.\n*****QUESTION:***** If there is an explanation: Is the explanation misleading (e.g. arguing for a label that is wrong)?", "index": 797}, {"instruction": "Arrange the following items in order from least to most expensive.", "input": "Car\nBook\nDress", "output": "Book, Dress, Car.", "all_data": "*****INSTRUCTION:***** Arrange the following items in order from least to most expensive.\nCar\nBook\nDress\n*****OUTPUT:***** Book, Dress, Car.\n*****QUESTION:***** Does the output contain an explanation for the prediction?", "index": 798}, {"instruction": "Arrange the following items in order from least to most expensive.", "input": "Car\nBook\nDress", "output": "Book, Dress, Car.", "all_data": "*****INSTRUCTION:***** Arrange the following items in order from least to most expensive.\nCar\nBook\nDress\n*****OUTPUT:***** Book, Dress, Car.\n*****QUESTION:***** Would you give an explanation/justify your reasoning if you were asked this question by a friend?", "index": 799}, {"instruction": "Arrange the following items in order from least to most expensive.", "input": "Car\nBook\nDress", "output": "Book, Dress, Car.", "all_data": "*****INSTRUCTION:***** Arrange the following items in order from least to most expensive.\nCar\nBook\nDress\n*****OUTPUT:***** Book, Dress, Car.\n*****QUESTION:***** If there is an explanation: Does the explanation refer to commonsense concepts that are taken as given?", "index": 800}, {"instruction": "Arrange the following items in order from least to most expensive.", "input": "Car\nBook\nDress", "output": "Book, Dress, Car.", "all_data": "*****INSTRUCTION:***** Arrange the following items in order from least to most expensive.\nCar\nBook\nDress\n*****OUTPUT:***** Book, Dress, Car.\n*****QUESTION:***** If there is an explanation: Does the explanation list contributing factors?", "index": 801}, {"instruction": "Arrange the following items in order from least to most expensive.", "input": "Car\nBook\nDress", "output": "Book, Dress, Car.", "all_data": "*****INSTRUCTION:***** Arrange the following items in order from least to most expensive.\nCar\nBook\nDress\n*****OUTPUT:***** Book, Dress, Car.\n*****QUESTION:***** If there is an explanation: Does the explanation include subjective or biased criteria?", "index": 802}, {"instruction": "Arrange the following items in order from least to most expensive.", "input": "Car\nBook\nDress", "output": "Book, Dress, Car.", "all_data": "*****INSTRUCTION:***** Arrange the following items in order from least to most expensive.\nCar\nBook\nDress\n*****OUTPUT:***** Book, Dress, Car.\n*****QUESTION:***** If there is an explanation: Does the explanation include illustrative elements (e.g. examples)?", "index": 803}, {"instruction": "Arrange the following items in order from least to most expensive.", "input": "Car\nBook\nDress", "output": "Book, Dress, Car.", "all_data": "*****INSTRUCTION:***** Arrange the following items in order from least to most expensive.\nCar\nBook\nDress\n*****OUTPUT:***** Book, Dress, Car.\n*****QUESTION:***** If there is an explanation: Is the explanation misleading (e.g. arguing for a label that is wrong)?", "index": 804}, {"instruction": "Research and explain how blockchain-based networks can be used to solve the double spending problem.", "input": "", "output": "Double spending refers to the potential flaw in digital currency transactions wherein a single token can be spent more than once due to the absence of a physical entity that can prevent duplication. Blockchain technology offers a solution to this problem through its decentralized, secure and transparent ledger system.\n\nIn a blockchain-based network, all transactions are recorded on a publicly accessible digital ledger that is distributed across multiple nodes. This means that once a transaction is verified and recorded, it becomes part of an immutable record that can be easily traced and audited. This makes it virtually impossible for anyone to manipulate the system and spend the same digital token more than once.\n\nThe blockchain network solves the double spending problem through a consensus mechanism where multiple nodes (often referred to as miners) have to verify and validate each transaction before it is added to the ledger. If someone attempts to double spend, the network will easily detect it because the transaction will not align with the existing transaction record on the ledger, and it won't be verified.\n\nThe decentralized nature of blockchain means that there is no need for a trusted third-party or intermediary to oversee transactions and prevent double spending. This greatly reduces the risk of fraud and increases the security and integrity of the system.\n\nIn summary, blockchain-based networks provide an efficient and secure solution to the double spending problem by creating a transparent and tamper-proof ledger of all transactions, and using a consensus mechanism to ensure that each transaction is verified and validated by multiple nodes.", "all_data": "*****INSTRUCTION:***** Research and explain how blockchain-based networks can be used to solve the double spending problem.\n\n*****OUTPUT:***** Double spending refers to the potential flaw in digital currency transactions wherein a single token can be spent more than once due to the absence of a physical entity that can prevent duplication. Blockchain technology offers a solution to this problem through its decentralized, secure and transparent ledger system.\n\nIn a blockchain-based network, all transactions are recorded on a publicly accessible digital ledger that is distributed across multiple nodes. This means that once a transaction is verified and recorded, it becomes part of an immutable record that can be easily traced and audited. This makes it virtually impossible for anyone to manipulate the system and spend the same digital token more than once.\n\nThe blockchain network solves the double spending problem through a consensus mechanism where multiple nodes (often referred to as miners) have to verify and validate each transaction before it is added to the ledger. If someone attempts to double spend, the network will easily detect it because the transaction will not align with the existing transaction record on the ledger, and it won't be verified.\n\nThe decentralized nature of blockchain means that there is no need for a trusted third-party or intermediary to oversee transactions and prevent double spending. This greatly reduces the risk of fraud and increases the security and integrity of the system.\n\nIn summary, blockchain-based networks provide an efficient and secure solution to the double spending problem by creating a transparent and tamper-proof ledger of all transactions, and using a consensus mechanism to ensure that each transaction is verified and validated by multiple nodes.\n*****QUESTION:***** Does the output contain an explanation for the prediction?", "index": 805}, {"instruction": "Research and explain how blockchain-based networks can be used to solve the double spending problem.", "input": "", "output": "Double spending refers to the potential flaw in digital currency transactions wherein a single token can be spent more than once due to the absence of a physical entity that can prevent duplication. Blockchain technology offers a solution to this problem through its decentralized, secure and transparent ledger system.\n\nIn a blockchain-based network, all transactions are recorded on a publicly accessible digital ledger that is distributed across multiple nodes. This means that once a transaction is verified and recorded, it becomes part of an immutable record that can be easily traced and audited. This makes it virtually impossible for anyone to manipulate the system and spend the same digital token more than once.\n\nThe blockchain network solves the double spending problem through a consensus mechanism where multiple nodes (often referred to as miners) have to verify and validate each transaction before it is added to the ledger. If someone attempts to double spend, the network will easily detect it because the transaction will not align with the existing transaction record on the ledger, and it won't be verified.\n\nThe decentralized nature of blockchain means that there is no need for a trusted third-party or intermediary to oversee transactions and prevent double spending. This greatly reduces the risk of fraud and increases the security and integrity of the system.\n\nIn summary, blockchain-based networks provide an efficient and secure solution to the double spending problem by creating a transparent and tamper-proof ledger of all transactions, and using a consensus mechanism to ensure that each transaction is verified and validated by multiple nodes.", "all_data": "*****INSTRUCTION:***** Research and explain how blockchain-based networks can be used to solve the double spending problem.\n\n*****OUTPUT:***** Double spending refers to the potential flaw in digital currency transactions wherein a single token can be spent more than once due to the absence of a physical entity that can prevent duplication. Blockchain technology offers a solution to this problem through its decentralized, secure and transparent ledger system.\n\nIn a blockchain-based network, all transactions are recorded on a publicly accessible digital ledger that is distributed across multiple nodes. This means that once a transaction is verified and recorded, it becomes part of an immutable record that can be easily traced and audited. This makes it virtually impossible for anyone to manipulate the system and spend the same digital token more than once.\n\nThe blockchain network solves the double spending problem through a consensus mechanism where multiple nodes (often referred to as miners) have to verify and validate each transaction before it is added to the ledger. If someone attempts to double spend, the network will easily detect it because the transaction will not align with the existing transaction record on the ledger, and it won't be verified.\n\nThe decentralized nature of blockchain means that there is no need for a trusted third-party or intermediary to oversee transactions and prevent double spending. This greatly reduces the risk of fraud and increases the security and integrity of the system.\n\nIn summary, blockchain-based networks provide an efficient and secure solution to the double spending problem by creating a transparent and tamper-proof ledger of all transactions, and using a consensus mechanism to ensure that each transaction is verified and validated by multiple nodes.\n*****QUESTION:***** Would you give an explanation/justify your reasoning if you were asked this question by a friend?", "index": 806}, {"instruction": "Research and explain how blockchain-based networks can be used to solve the double spending problem.", "input": "", "output": "Double spending refers to the potential flaw in digital currency transactions wherein a single token can be spent more than once due to the absence of a physical entity that can prevent duplication. Blockchain technology offers a solution to this problem through its decentralized, secure and transparent ledger system.\n\nIn a blockchain-based network, all transactions are recorded on a publicly accessible digital ledger that is distributed across multiple nodes. This means that once a transaction is verified and recorded, it becomes part of an immutable record that can be easily traced and audited. This makes it virtually impossible for anyone to manipulate the system and spend the same digital token more than once.\n\nThe blockchain network solves the double spending problem through a consensus mechanism where multiple nodes (often referred to as miners) have to verify and validate each transaction before it is added to the ledger. If someone attempts to double spend, the network will easily detect it because the transaction will not align with the existing transaction record on the ledger, and it won't be verified.\n\nThe decentralized nature of blockchain means that there is no need for a trusted third-party or intermediary to oversee transactions and prevent double spending. This greatly reduces the risk of fraud and increases the security and integrity of the system.\n\nIn summary, blockchain-based networks provide an efficient and secure solution to the double spending problem by creating a transparent and tamper-proof ledger of all transactions, and using a consensus mechanism to ensure that each transaction is verified and validated by multiple nodes.", "all_data": "*****INSTRUCTION:***** Research and explain how blockchain-based networks can be used to solve the double spending problem.\n\n*****OUTPUT:***** Double spending refers to the potential flaw in digital currency transactions wherein a single token can be spent more than once due to the absence of a physical entity that can prevent duplication. Blockchain technology offers a solution to this problem through its decentralized, secure and transparent ledger system.\n\nIn a blockchain-based network, all transactions are recorded on a publicly accessible digital ledger that is distributed across multiple nodes. This means that once a transaction is verified and recorded, it becomes part of an immutable record that can be easily traced and audited. This makes it virtually impossible for anyone to manipulate the system and spend the same digital token more than once.\n\nThe blockchain network solves the double spending problem through a consensus mechanism where multiple nodes (often referred to as miners) have to verify and validate each transaction before it is added to the ledger. If someone attempts to double spend, the network will easily detect it because the transaction will not align with the existing transaction record on the ledger, and it won't be verified.\n\nThe decentralized nature of blockchain means that there is no need for a trusted third-party or intermediary to oversee transactions and prevent double spending. This greatly reduces the risk of fraud and increases the security and integrity of the system.\n\nIn summary, blockchain-based networks provide an efficient and secure solution to the double spending problem by creating a transparent and tamper-proof ledger of all transactions, and using a consensus mechanism to ensure that each transaction is verified and validated by multiple nodes.\n*****QUESTION:***** If there is an explanation: Does the explanation refer to commonsense concepts that are taken as given?", "index": 807}, {"instruction": "Research and explain how blockchain-based networks can be used to solve the double spending problem.", "input": "", "output": "Double spending refers to the potential flaw in digital currency transactions wherein a single token can be spent more than once due to the absence of a physical entity that can prevent duplication. Blockchain technology offers a solution to this problem through its decentralized, secure and transparent ledger system.\n\nIn a blockchain-based network, all transactions are recorded on a publicly accessible digital ledger that is distributed across multiple nodes. This means that once a transaction is verified and recorded, it becomes part of an immutable record that can be easily traced and audited. This makes it virtually impossible for anyone to manipulate the system and spend the same digital token more than once.\n\nThe blockchain network solves the double spending problem through a consensus mechanism where multiple nodes (often referred to as miners) have to verify and validate each transaction before it is added to the ledger. If someone attempts to double spend, the network will easily detect it because the transaction will not align with the existing transaction record on the ledger, and it won't be verified.\n\nThe decentralized nature of blockchain means that there is no need for a trusted third-party or intermediary to oversee transactions and prevent double spending. This greatly reduces the risk of fraud and increases the security and integrity of the system.\n\nIn summary, blockchain-based networks provide an efficient and secure solution to the double spending problem by creating a transparent and tamper-proof ledger of all transactions, and using a consensus mechanism to ensure that each transaction is verified and validated by multiple nodes.", "all_data": "*****INSTRUCTION:***** Research and explain how blockchain-based networks can be used to solve the double spending problem.\n\n*****OUTPUT:***** Double spending refers to the potential flaw in digital currency transactions wherein a single token can be spent more than once due to the absence of a physical entity that can prevent duplication. Blockchain technology offers a solution to this problem through its decentralized, secure and transparent ledger system.\n\nIn a blockchain-based network, all transactions are recorded on a publicly accessible digital ledger that is distributed across multiple nodes. This means that once a transaction is verified and recorded, it becomes part of an immutable record that can be easily traced and audited. This makes it virtually impossible for anyone to manipulate the system and spend the same digital token more than once.\n\nThe blockchain network solves the double spending problem through a consensus mechanism where multiple nodes (often referred to as miners) have to verify and validate each transaction before it is added to the ledger. If someone attempts to double spend, the network will easily detect it because the transaction will not align with the existing transaction record on the ledger, and it won't be verified.\n\nThe decentralized nature of blockchain means that there is no need for a trusted third-party or intermediary to oversee transactions and prevent double spending. This greatly reduces the risk of fraud and increases the security and integrity of the system.\n\nIn summary, blockchain-based networks provide an efficient and secure solution to the double spending problem by creating a transparent and tamper-proof ledger of all transactions, and using a consensus mechanism to ensure that each transaction is verified and validated by multiple nodes.\n*****QUESTION:***** If there is an explanation: Does the explanation list contributing factors?", "index": 808}, {"instruction": "Research and explain how blockchain-based networks can be used to solve the double spending problem.", "input": "", "output": "Double spending refers to the potential flaw in digital currency transactions wherein a single token can be spent more than once due to the absence of a physical entity that can prevent duplication. Blockchain technology offers a solution to this problem through its decentralized, secure and transparent ledger system.\n\nIn a blockchain-based network, all transactions are recorded on a publicly accessible digital ledger that is distributed across multiple nodes. This means that once a transaction is verified and recorded, it becomes part of an immutable record that can be easily traced and audited. This makes it virtually impossible for anyone to manipulate the system and spend the same digital token more than once.\n\nThe blockchain network solves the double spending problem through a consensus mechanism where multiple nodes (often referred to as miners) have to verify and validate each transaction before it is added to the ledger. If someone attempts to double spend, the network will easily detect it because the transaction will not align with the existing transaction record on the ledger, and it won't be verified.\n\nThe decentralized nature of blockchain means that there is no need for a trusted third-party or intermediary to oversee transactions and prevent double spending. This greatly reduces the risk of fraud and increases the security and integrity of the system.\n\nIn summary, blockchain-based networks provide an efficient and secure solution to the double spending problem by creating a transparent and tamper-proof ledger of all transactions, and using a consensus mechanism to ensure that each transaction is verified and validated by multiple nodes.", "all_data": "*****INSTRUCTION:***** Research and explain how blockchain-based networks can be used to solve the double spending problem.\n\n*****OUTPUT:***** Double spending refers to the potential flaw in digital currency transactions wherein a single token can be spent more than once due to the absence of a physical entity that can prevent duplication. Blockchain technology offers a solution to this problem through its decentralized, secure and transparent ledger system.\n\nIn a blockchain-based network, all transactions are recorded on a publicly accessible digital ledger that is distributed across multiple nodes. This means that once a transaction is verified and recorded, it becomes part of an immutable record that can be easily traced and audited. This makes it virtually impossible for anyone to manipulate the system and spend the same digital token more than once.\n\nThe blockchain network solves the double spending problem through a consensus mechanism where multiple nodes (often referred to as miners) have to verify and validate each transaction before it is added to the ledger. If someone attempts to double spend, the network will easily detect it because the transaction will not align with the existing transaction record on the ledger, and it won't be verified.\n\nThe decentralized nature of blockchain means that there is no need for a trusted third-party or intermediary to oversee transactions and prevent double spending. This greatly reduces the risk of fraud and increases the security and integrity of the system.\n\nIn summary, blockchain-based networks provide an efficient and secure solution to the double spending problem by creating a transparent and tamper-proof ledger of all transactions, and using a consensus mechanism to ensure that each transaction is verified and validated by multiple nodes.\n*****QUESTION:***** If there is an explanation: Does the explanation include subjective or biased criteria?", "index": 809}, {"instruction": "Research and explain how blockchain-based networks can be used to solve the double spending problem.", "input": "", "output": "Double spending refers to the potential flaw in digital currency transactions wherein a single token can be spent more than once due to the absence of a physical entity that can prevent duplication. Blockchain technology offers a solution to this problem through its decentralized, secure and transparent ledger system.\n\nIn a blockchain-based network, all transactions are recorded on a publicly accessible digital ledger that is distributed across multiple nodes. This means that once a transaction is verified and recorded, it becomes part of an immutable record that can be easily traced and audited. This makes it virtually impossible for anyone to manipulate the system and spend the same digital token more than once.\n\nThe blockchain network solves the double spending problem through a consensus mechanism where multiple nodes (often referred to as miners) have to verify and validate each transaction before it is added to the ledger. If someone attempts to double spend, the network will easily detect it because the transaction will not align with the existing transaction record on the ledger, and it won't be verified.\n\nThe decentralized nature of blockchain means that there is no need for a trusted third-party or intermediary to oversee transactions and prevent double spending. This greatly reduces the risk of fraud and increases the security and integrity of the system.\n\nIn summary, blockchain-based networks provide an efficient and secure solution to the double spending problem by creating a transparent and tamper-proof ledger of all transactions, and using a consensus mechanism to ensure that each transaction is verified and validated by multiple nodes.", "all_data": "*****INSTRUCTION:***** Research and explain how blockchain-based networks can be used to solve the double spending problem.\n\n*****OUTPUT:***** Double spending refers to the potential flaw in digital currency transactions wherein a single token can be spent more than once due to the absence of a physical entity that can prevent duplication. Blockchain technology offers a solution to this problem through its decentralized, secure and transparent ledger system.\n\nIn a blockchain-based network, all transactions are recorded on a publicly accessible digital ledger that is distributed across multiple nodes. This means that once a transaction is verified and recorded, it becomes part of an immutable record that can be easily traced and audited. This makes it virtually impossible for anyone to manipulate the system and spend the same digital token more than once.\n\nThe blockchain network solves the double spending problem through a consensus mechanism where multiple nodes (often referred to as miners) have to verify and validate each transaction before it is added to the ledger. If someone attempts to double spend, the network will easily detect it because the transaction will not align with the existing transaction record on the ledger, and it won't be verified.\n\nThe decentralized nature of blockchain means that there is no need for a trusted third-party or intermediary to oversee transactions and prevent double spending. This greatly reduces the risk of fraud and increases the security and integrity of the system.\n\nIn summary, blockchain-based networks provide an efficient and secure solution to the double spending problem by creating a transparent and tamper-proof ledger of all transactions, and using a consensus mechanism to ensure that each transaction is verified and validated by multiple nodes.\n*****QUESTION:***** If there is an explanation: Does the explanation include illustrative elements (e.g. examples)?", "index": 810}, {"instruction": "Research and explain how blockchain-based networks can be used to solve the double spending problem.", "input": "", "output": "Double spending refers to the potential flaw in digital currency transactions wherein a single token can be spent more than once due to the absence of a physical entity that can prevent duplication. Blockchain technology offers a solution to this problem through its decentralized, secure and transparent ledger system.\n\nIn a blockchain-based network, all transactions are recorded on a publicly accessible digital ledger that is distributed across multiple nodes. This means that once a transaction is verified and recorded, it becomes part of an immutable record that can be easily traced and audited. This makes it virtually impossible for anyone to manipulate the system and spend the same digital token more than once.\n\nThe blockchain network solves the double spending problem through a consensus mechanism where multiple nodes (often referred to as miners) have to verify and validate each transaction before it is added to the ledger. If someone attempts to double spend, the network will easily detect it because the transaction will not align with the existing transaction record on the ledger, and it won't be verified.\n\nThe decentralized nature of blockchain means that there is no need for a trusted third-party or intermediary to oversee transactions and prevent double spending. This greatly reduces the risk of fraud and increases the security and integrity of the system.\n\nIn summary, blockchain-based networks provide an efficient and secure solution to the double spending problem by creating a transparent and tamper-proof ledger of all transactions, and using a consensus mechanism to ensure that each transaction is verified and validated by multiple nodes.", "all_data": "*****INSTRUCTION:***** Research and explain how blockchain-based networks can be used to solve the double spending problem.\n\n*****OUTPUT:***** Double spending refers to the potential flaw in digital currency transactions wherein a single token can be spent more than once due to the absence of a physical entity that can prevent duplication. Blockchain technology offers a solution to this problem through its decentralized, secure and transparent ledger system.\n\nIn a blockchain-based network, all transactions are recorded on a publicly accessible digital ledger that is distributed across multiple nodes. This means that once a transaction is verified and recorded, it becomes part of an immutable record that can be easily traced and audited. This makes it virtually impossible for anyone to manipulate the system and spend the same digital token more than once.\n\nThe blockchain network solves the double spending problem through a consensus mechanism where multiple nodes (often referred to as miners) have to verify and validate each transaction before it is added to the ledger. If someone attempts to double spend, the network will easily detect it because the transaction will not align with the existing transaction record on the ledger, and it won't be verified.\n\nThe decentralized nature of blockchain means that there is no need for a trusted third-party or intermediary to oversee transactions and prevent double spending. This greatly reduces the risk of fraud and increases the security and integrity of the system.\n\nIn summary, blockchain-based networks provide an efficient and secure solution to the double spending problem by creating a transparent and tamper-proof ledger of all transactions, and using a consensus mechanism to ensure that each transaction is verified and validated by multiple nodes.\n*****QUESTION:***** If there is an explanation: Is the explanation misleading (e.g. arguing for a label that is wrong)?", "index": 811}, {"instruction": "Given a hypothetical scenario, come up with the most likely opinion of a person.", "input": "Given the strict lockdown due to the coronavirus pandemic, what do you think an elderly person would feel?", "output": "An elderly person, aware of the increased risk the coronavirus poses to their age group, would likely feel a mix of emotions about the strict lockdown. On one hand, they may feel relieved and grateful that measures are being taken to protect their health and prevent the spread of the virus. On the other hand, they may also feel a sense of isolation and loneliness, as the lockdown may have limited their ability to socialize and interact with others. They may miss their normal routines, activities, and interactions with friends and family. Ultimately, their opinion would depend on their individual circumstances, support system, and personal outlook.", "all_data": "*****INSTRUCTION:***** Given a hypothetical scenario, come up with the most likely opinion of a person.\nGiven the strict lockdown due to the coronavirus pandemic, what do you think an elderly person would feel?\n*****OUTPUT:***** An elderly person, aware of the increased risk the coronavirus poses to their age group, would likely feel a mix of emotions about the strict lockdown. On one hand, they may feel relieved and grateful that measures are being taken to protect their health and prevent the spread of the virus. On the other hand, they may also feel a sense of isolation and loneliness, as the lockdown may have limited their ability to socialize and interact with others. They may miss their normal routines, activities, and interactions with friends and family. Ultimately, their opinion would depend on their individual circumstances, support system, and personal outlook.\n*****QUESTION:***** Does the output contain an explanation for the prediction?", "index": 812}, {"instruction": "Given a hypothetical scenario, come up with the most likely opinion of a person.", "input": "Given the strict lockdown due to the coronavirus pandemic, what do you think an elderly person would feel?", "output": "An elderly person, aware of the increased risk the coronavirus poses to their age group, would likely feel a mix of emotions about the strict lockdown. On one hand, they may feel relieved and grateful that measures are being taken to protect their health and prevent the spread of the virus. On the other hand, they may also feel a sense of isolation and loneliness, as the lockdown may have limited their ability to socialize and interact with others. They may miss their normal routines, activities, and interactions with friends and family. Ultimately, their opinion would depend on their individual circumstances, support system, and personal outlook.", "all_data": "*****INSTRUCTION:***** Given a hypothetical scenario, come up with the most likely opinion of a person.\nGiven the strict lockdown due to the coronavirus pandemic, what do you think an elderly person would feel?\n*****OUTPUT:***** An elderly person, aware of the increased risk the coronavirus poses to their age group, would likely feel a mix of emotions about the strict lockdown. On one hand, they may feel relieved and grateful that measures are being taken to protect their health and prevent the spread of the virus. On the other hand, they may also feel a sense of isolation and loneliness, as the lockdown may have limited their ability to socialize and interact with others. They may miss their normal routines, activities, and interactions with friends and family. Ultimately, their opinion would depend on their individual circumstances, support system, and personal outlook.\n*****QUESTION:***** Would you give an explanation/justify your reasoning if you were asked this question by a friend?", "index": 813}, {"instruction": "Given a hypothetical scenario, come up with the most likely opinion of a person.", "input": "Given the strict lockdown due to the coronavirus pandemic, what do you think an elderly person would feel?", "output": "An elderly person, aware of the increased risk the coronavirus poses to their age group, would likely feel a mix of emotions about the strict lockdown. On one hand, they may feel relieved and grateful that measures are being taken to protect their health and prevent the spread of the virus. On the other hand, they may also feel a sense of isolation and loneliness, as the lockdown may have limited their ability to socialize and interact with others. They may miss their normal routines, activities, and interactions with friends and family. Ultimately, their opinion would depend on their individual circumstances, support system, and personal outlook.", "all_data": "*****INSTRUCTION:***** Given a hypothetical scenario, come up with the most likely opinion of a person.\nGiven the strict lockdown due to the coronavirus pandemic, what do you think an elderly person would feel?\n*****OUTPUT:***** An elderly person, aware of the increased risk the coronavirus poses to their age group, would likely feel a mix of emotions about the strict lockdown. On one hand, they may feel relieved and grateful that measures are being taken to protect their health and prevent the spread of the virus. On the other hand, they may also feel a sense of isolation and loneliness, as the lockdown may have limited their ability to socialize and interact with others. They may miss their normal routines, activities, and interactions with friends and family. Ultimately, their opinion would depend on their individual circumstances, support system, and personal outlook.\n*****QUESTION:***** If there is an explanation: Does the explanation refer to commonsense concepts that are taken as given?", "index": 814}, {"instruction": "Given a hypothetical scenario, come up with the most likely opinion of a person.", "input": "Given the strict lockdown due to the coronavirus pandemic, what do you think an elderly person would feel?", "output": "An elderly person, aware of the increased risk the coronavirus poses to their age group, would likely feel a mix of emotions about the strict lockdown. On one hand, they may feel relieved and grateful that measures are being taken to protect their health and prevent the spread of the virus. On the other hand, they may also feel a sense of isolation and loneliness, as the lockdown may have limited their ability to socialize and interact with others. They may miss their normal routines, activities, and interactions with friends and family. Ultimately, their opinion would depend on their individual circumstances, support system, and personal outlook.", "all_data": "*****INSTRUCTION:***** Given a hypothetical scenario, come up with the most likely opinion of a person.\nGiven the strict lockdown due to the coronavirus pandemic, what do you think an elderly person would feel?\n*****OUTPUT:***** An elderly person, aware of the increased risk the coronavirus poses to their age group, would likely feel a mix of emotions about the strict lockdown. On one hand, they may feel relieved and grateful that measures are being taken to protect their health and prevent the spread of the virus. On the other hand, they may also feel a sense of isolation and loneliness, as the lockdown may have limited their ability to socialize and interact with others. They may miss their normal routines, activities, and interactions with friends and family. Ultimately, their opinion would depend on their individual circumstances, support system, and personal outlook.\n*****QUESTION:***** If there is an explanation: Does the explanation list contributing factors?", "index": 815}, {"instruction": "Given a hypothetical scenario, come up with the most likely opinion of a person.", "input": "Given the strict lockdown due to the coronavirus pandemic, what do you think an elderly person would feel?", "output": "An elderly person, aware of the increased risk the coronavirus poses to their age group, would likely feel a mix of emotions about the strict lockdown. On one hand, they may feel relieved and grateful that measures are being taken to protect their health and prevent the spread of the virus. On the other hand, they may also feel a sense of isolation and loneliness, as the lockdown may have limited their ability to socialize and interact with others. They may miss their normal routines, activities, and interactions with friends and family. Ultimately, their opinion would depend on their individual circumstances, support system, and personal outlook.", "all_data": "*****INSTRUCTION:***** Given a hypothetical scenario, come up with the most likely opinion of a person.\nGiven the strict lockdown due to the coronavirus pandemic, what do you think an elderly person would feel?\n*****OUTPUT:***** An elderly person, aware of the increased risk the coronavirus poses to their age group, would likely feel a mix of emotions about the strict lockdown. On one hand, they may feel relieved and grateful that measures are being taken to protect their health and prevent the spread of the virus. On the other hand, they may also feel a sense of isolation and loneliness, as the lockdown may have limited their ability to socialize and interact with others. They may miss their normal routines, activities, and interactions with friends and family. Ultimately, their opinion would depend on their individual circumstances, support system, and personal outlook.\n*****QUESTION:***** If there is an explanation: Does the explanation include subjective or biased criteria?", "index": 816}, {"instruction": "Given a hypothetical scenario, come up with the most likely opinion of a person.", "input": "Given the strict lockdown due to the coronavirus pandemic, what do you think an elderly person would feel?", "output": "An elderly person, aware of the increased risk the coronavirus poses to their age group, would likely feel a mix of emotions about the strict lockdown. On one hand, they may feel relieved and grateful that measures are being taken to protect their health and prevent the spread of the virus. On the other hand, they may also feel a sense of isolation and loneliness, as the lockdown may have limited their ability to socialize and interact with others. They may miss their normal routines, activities, and interactions with friends and family. Ultimately, their opinion would depend on their individual circumstances, support system, and personal outlook.", "all_data": "*****INSTRUCTION:***** Given a hypothetical scenario, come up with the most likely opinion of a person.\nGiven the strict lockdown due to the coronavirus pandemic, what do you think an elderly person would feel?\n*****OUTPUT:***** An elderly person, aware of the increased risk the coronavirus poses to their age group, would likely feel a mix of emotions about the strict lockdown. On one hand, they may feel relieved and grateful that measures are being taken to protect their health and prevent the spread of the virus. On the other hand, they may also feel a sense of isolation and loneliness, as the lockdown may have limited their ability to socialize and interact with others. They may miss their normal routines, activities, and interactions with friends and family. Ultimately, their opinion would depend on their individual circumstances, support system, and personal outlook.\n*****QUESTION:***** If there is an explanation: Does the explanation include illustrative elements (e.g. examples)?", "index": 817}, {"instruction": "Given a hypothetical scenario, come up with the most likely opinion of a person.", "input": "Given the strict lockdown due to the coronavirus pandemic, what do you think an elderly person would feel?", "output": "An elderly person, aware of the increased risk the coronavirus poses to their age group, would likely feel a mix of emotions about the strict lockdown. On one hand, they may feel relieved and grateful that measures are being taken to protect their health and prevent the spread of the virus. On the other hand, they may also feel a sense of isolation and loneliness, as the lockdown may have limited their ability to socialize and interact with others. They may miss their normal routines, activities, and interactions with friends and family. Ultimately, their opinion would depend on their individual circumstances, support system, and personal outlook.", "all_data": "*****INSTRUCTION:***** Given a hypothetical scenario, come up with the most likely opinion of a person.\nGiven the strict lockdown due to the coronavirus pandemic, what do you think an elderly person would feel?\n*****OUTPUT:***** An elderly person, aware of the increased risk the coronavirus poses to their age group, would likely feel a mix of emotions about the strict lockdown. On one hand, they may feel relieved and grateful that measures are being taken to protect their health and prevent the spread of the virus. On the other hand, they may also feel a sense of isolation and loneliness, as the lockdown may have limited their ability to socialize and interact with others. They may miss their normal routines, activities, and interactions with friends and family. Ultimately, their opinion would depend on their individual circumstances, support system, and personal outlook.\n*****QUESTION:***** If there is an explanation: Is the explanation misleading (e.g. arguing for a label that is wrong)?", "index": 818}, {"instruction": "Are there any continents larger than Africa?", "input": "", "output": "Yes, there is one continent that is larger than Africa in terms of land area, and that is Asia. According to most sources, Asia has an area of approximately 44.58 million km\u00b2, while Africa has an area of around 30.37 million km\u00b2.", "all_data": "*****INSTRUCTION:***** Are there any continents larger than Africa?\n\n*****OUTPUT:***** Yes, there is one continent that is larger than Africa in terms of land area, and that is Asia. According to most sources, Asia has an area of approximately 44.58 million km\u00b2, while Africa has an area of around 30.37 million km\u00b2.\n*****QUESTION:***** Does the output contain an explanation for the prediction?", "index": 819}, {"instruction": "Are there any continents larger than Africa?", "input": "", "output": "Yes, there is one continent that is larger than Africa in terms of land area, and that is Asia. According to most sources, Asia has an area of approximately 44.58 million km\u00b2, while Africa has an area of around 30.37 million km\u00b2.", "all_data": "*****INSTRUCTION:***** Are there any continents larger than Africa?\n\n*****OUTPUT:***** Yes, there is one continent that is larger than Africa in terms of land area, and that is Asia. According to most sources, Asia has an area of approximately 44.58 million km\u00b2, while Africa has an area of around 30.37 million km\u00b2.\n*****QUESTION:***** Would you give an explanation/justify your reasoning if you were asked this question by a friend?", "index": 820}, {"instruction": "Are there any continents larger than Africa?", "input": "", "output": "Yes, there is one continent that is larger than Africa in terms of land area, and that is Asia. According to most sources, Asia has an area of approximately 44.58 million km\u00b2, while Africa has an area of around 30.37 million km\u00b2.", "all_data": "*****INSTRUCTION:***** Are there any continents larger than Africa?\n\n*****OUTPUT:***** Yes, there is one continent that is larger than Africa in terms of land area, and that is Asia. According to most sources, Asia has an area of approximately 44.58 million km\u00b2, while Africa has an area of around 30.37 million km\u00b2.\n*****QUESTION:***** If there is an explanation: Does the explanation refer to commonsense concepts that are taken as given?", "index": 821}, {"instruction": "Are there any continents larger than Africa?", "input": "", "output": "Yes, there is one continent that is larger than Africa in terms of land area, and that is Asia. According to most sources, Asia has an area of approximately 44.58 million km\u00b2, while Africa has an area of around 30.37 million km\u00b2.", "all_data": "*****INSTRUCTION:***** Are there any continents larger than Africa?\n\n*****OUTPUT:***** Yes, there is one continent that is larger than Africa in terms of land area, and that is Asia. According to most sources, Asia has an area of approximately 44.58 million km\u00b2, while Africa has an area of around 30.37 million km\u00b2.\n*****QUESTION:***** If there is an explanation: Does the explanation list contributing factors?", "index": 822}, {"instruction": "Are there any continents larger than Africa?", "input": "", "output": "Yes, there is one continent that is larger than Africa in terms of land area, and that is Asia. According to most sources, Asia has an area of approximately 44.58 million km\u00b2, while Africa has an area of around 30.37 million km\u00b2.", "all_data": "*****INSTRUCTION:***** Are there any continents larger than Africa?\n\n*****OUTPUT:***** Yes, there is one continent that is larger than Africa in terms of land area, and that is Asia. According to most sources, Asia has an area of approximately 44.58 million km\u00b2, while Africa has an area of around 30.37 million km\u00b2.\n*****QUESTION:***** If there is an explanation: Does the explanation include subjective or biased criteria?", "index": 823}, {"instruction": "Are there any continents larger than Africa?", "input": "", "output": "Yes, there is one continent that is larger than Africa in terms of land area, and that is Asia. According to most sources, Asia has an area of approximately 44.58 million km\u00b2, while Africa has an area of around 30.37 million km\u00b2.", "all_data": "*****INSTRUCTION:***** Are there any continents larger than Africa?\n\n*****OUTPUT:***** Yes, there is one continent that is larger than Africa in terms of land area, and that is Asia. According to most sources, Asia has an area of approximately 44.58 million km\u00b2, while Africa has an area of around 30.37 million km\u00b2.\n*****QUESTION:***** If there is an explanation: Does the explanation include illustrative elements (e.g. examples)?", "index": 824}, {"instruction": "Are there any continents larger than Africa?", "input": "", "output": "Yes, there is one continent that is larger than Africa in terms of land area, and that is Asia. According to most sources, Asia has an area of approximately 44.58 million km\u00b2, while Africa has an area of around 30.37 million km\u00b2.", "all_data": "*****INSTRUCTION:***** Are there any continents larger than Africa?\n\n*****OUTPUT:***** Yes, there is one continent that is larger than Africa in terms of land area, and that is Asia. According to most sources, Asia has an area of approximately 44.58 million km\u00b2, while Africa has an area of around 30.37 million km\u00b2.\n*****QUESTION:***** If there is an explanation: Is the explanation misleading (e.g. arguing for a label that is wrong)?", "index": 825}, {"instruction": "How does  AI help to optimize online shopping experiences?", "input": "", "output": "AI can help optimize online shopping experiences in several ways. Here are some common ways AI is being used to improve online shopping:\n\n1. Personalized recommendations: AI algorithms can analyze a customer\u2019s browsing and purchase history to suggest personalized recommendations that are more likely to be relevant and of interest to the customer.\n\n2. Visual searches: AI-powered visual search allows customers to upload an image and find similar products within the online store, making it easy for customers to find what they are looking for without needing to know the exact name of the product.\n\n3. Enhanced customer service: AI chatbots can provide instant customer service, answering questions and resolving issues quickly and efficiently. This improves the overall shopping experience and helps increase customer satisfaction.\n\n4. Inventory management: AI can help with inventory management by analyzing data on sales, demand and supply to predict future demand and ensure that the store is always stocked with the products that customers want.\n\n5. Pricing optimization: AI can help retailers set optimal prices for their products by analyzing market trends, demand, and the prices of competitors. This can help to increase sales and profits.\n\nOverall, AI can help online retailers create a more personalized, efficient, and enjoyable shopping experience for their customers.", "all_data": "*****INSTRUCTION:***** How does  AI help to optimize online shopping experiences?\n\n*****OUTPUT:***** AI can help optimize online shopping experiences in several ways. Here are some common ways AI is being used to improve online shopping:\n\n1. Personalized recommendations: AI algorithms can analyze a customer\u2019s browsing and purchase history to suggest personalized recommendations that are more likely to be relevant and of interest to the customer.\n\n2. Visual searches: AI-powered visual search allows customers to upload an image and find similar products within the online store, making it easy for customers to find what they are looking for without needing to know the exact name of the product.\n\n3. Enhanced customer service: AI chatbots can provide instant customer service, answering questions and resolving issues quickly and efficiently. This improves the overall shopping experience and helps increase customer satisfaction.\n\n4. Inventory management: AI can help with inventory management by analyzing data on sales, demand and supply to predict future demand and ensure that the store is always stocked with the products that customers want.\n\n5. Pricing optimization: AI can help retailers set optimal prices for their products by analyzing market trends, demand, and the prices of competitors. This can help to increase sales and profits.\n\nOverall, AI can help online retailers create a more personalized, efficient, and enjoyable shopping experience for their customers.\n*****QUESTION:***** Does the output contain an explanation for the prediction?", "index": 826}, {"instruction": "How does  AI help to optimize online shopping experiences?", "input": "", "output": "AI can help optimize online shopping experiences in several ways. Here are some common ways AI is being used to improve online shopping:\n\n1. Personalized recommendations: AI algorithms can analyze a customer\u2019s browsing and purchase history to suggest personalized recommendations that are more likely to be relevant and of interest to the customer.\n\n2. Visual searches: AI-powered visual search allows customers to upload an image and find similar products within the online store, making it easy for customers to find what they are looking for without needing to know the exact name of the product.\n\n3. Enhanced customer service: AI chatbots can provide instant customer service, answering questions and resolving issues quickly and efficiently. This improves the overall shopping experience and helps increase customer satisfaction.\n\n4. Inventory management: AI can help with inventory management by analyzing data on sales, demand and supply to predict future demand and ensure that the store is always stocked with the products that customers want.\n\n5. Pricing optimization: AI can help retailers set optimal prices for their products by analyzing market trends, demand, and the prices of competitors. This can help to increase sales and profits.\n\nOverall, AI can help online retailers create a more personalized, efficient, and enjoyable shopping experience for their customers.", "all_data": "*****INSTRUCTION:***** How does  AI help to optimize online shopping experiences?\n\n*****OUTPUT:***** AI can help optimize online shopping experiences in several ways. Here are some common ways AI is being used to improve online shopping:\n\n1. Personalized recommendations: AI algorithms can analyze a customer\u2019s browsing and purchase history to suggest personalized recommendations that are more likely to be relevant and of interest to the customer.\n\n2. Visual searches: AI-powered visual search allows customers to upload an image and find similar products within the online store, making it easy for customers to find what they are looking for without needing to know the exact name of the product.\n\n3. Enhanced customer service: AI chatbots can provide instant customer service, answering questions and resolving issues quickly and efficiently. This improves the overall shopping experience and helps increase customer satisfaction.\n\n4. Inventory management: AI can help with inventory management by analyzing data on sales, demand and supply to predict future demand and ensure that the store is always stocked with the products that customers want.\n\n5. Pricing optimization: AI can help retailers set optimal prices for their products by analyzing market trends, demand, and the prices of competitors. This can help to increase sales and profits.\n\nOverall, AI can help online retailers create a more personalized, efficient, and enjoyable shopping experience for their customers.\n*****QUESTION:***** Would you give an explanation/justify your reasoning if you were asked this question by a friend?", "index": 827}, {"instruction": "How does  AI help to optimize online shopping experiences?", "input": "", "output": "AI can help optimize online shopping experiences in several ways. Here are some common ways AI is being used to improve online shopping:\n\n1. Personalized recommendations: AI algorithms can analyze a customer\u2019s browsing and purchase history to suggest personalized recommendations that are more likely to be relevant and of interest to the customer.\n\n2. Visual searches: AI-powered visual search allows customers to upload an image and find similar products within the online store, making it easy for customers to find what they are looking for without needing to know the exact name of the product.\n\n3. Enhanced customer service: AI chatbots can provide instant customer service, answering questions and resolving issues quickly and efficiently. This improves the overall shopping experience and helps increase customer satisfaction.\n\n4. Inventory management: AI can help with inventory management by analyzing data on sales, demand and supply to predict future demand and ensure that the store is always stocked with the products that customers want.\n\n5. Pricing optimization: AI can help retailers set optimal prices for their products by analyzing market trends, demand, and the prices of competitors. This can help to increase sales and profits.\n\nOverall, AI can help online retailers create a more personalized, efficient, and enjoyable shopping experience for their customers.", "all_data": "*****INSTRUCTION:***** How does  AI help to optimize online shopping experiences?\n\n*****OUTPUT:***** AI can help optimize online shopping experiences in several ways. Here are some common ways AI is being used to improve online shopping:\n\n1. Personalized recommendations: AI algorithms can analyze a customer\u2019s browsing and purchase history to suggest personalized recommendations that are more likely to be relevant and of interest to the customer.\n\n2. Visual searches: AI-powered visual search allows customers to upload an image and find similar products within the online store, making it easy for customers to find what they are looking for without needing to know the exact name of the product.\n\n3. Enhanced customer service: AI chatbots can provide instant customer service, answering questions and resolving issues quickly and efficiently. This improves the overall shopping experience and helps increase customer satisfaction.\n\n4. Inventory management: AI can help with inventory management by analyzing data on sales, demand and supply to predict future demand and ensure that the store is always stocked with the products that customers want.\n\n5. Pricing optimization: AI can help retailers set optimal prices for their products by analyzing market trends, demand, and the prices of competitors. This can help to increase sales and profits.\n\nOverall, AI can help online retailers create a more personalized, efficient, and enjoyable shopping experience for their customers.\n*****QUESTION:***** If there is an explanation: Does the explanation refer to commonsense concepts that are taken as given?", "index": 828}, {"instruction": "How does  AI help to optimize online shopping experiences?", "input": "", "output": "AI can help optimize online shopping experiences in several ways. Here are some common ways AI is being used to improve online shopping:\n\n1. Personalized recommendations: AI algorithms can analyze a customer\u2019s browsing and purchase history to suggest personalized recommendations that are more likely to be relevant and of interest to the customer.\n\n2. Visual searches: AI-powered visual search allows customers to upload an image and find similar products within the online store, making it easy for customers to find what they are looking for without needing to know the exact name of the product.\n\n3. Enhanced customer service: AI chatbots can provide instant customer service, answering questions and resolving issues quickly and efficiently. This improves the overall shopping experience and helps increase customer satisfaction.\n\n4. Inventory management: AI can help with inventory management by analyzing data on sales, demand and supply to predict future demand and ensure that the store is always stocked with the products that customers want.\n\n5. Pricing optimization: AI can help retailers set optimal prices for their products by analyzing market trends, demand, and the prices of competitors. This can help to increase sales and profits.\n\nOverall, AI can help online retailers create a more personalized, efficient, and enjoyable shopping experience for their customers.", "all_data": "*****INSTRUCTION:***** How does  AI help to optimize online shopping experiences?\n\n*****OUTPUT:***** AI can help optimize online shopping experiences in several ways. Here are some common ways AI is being used to improve online shopping:\n\n1. Personalized recommendations: AI algorithms can analyze a customer\u2019s browsing and purchase history to suggest personalized recommendations that are more likely to be relevant and of interest to the customer.\n\n2. Visual searches: AI-powered visual search allows customers to upload an image and find similar products within the online store, making it easy for customers to find what they are looking for without needing to know the exact name of the product.\n\n3. Enhanced customer service: AI chatbots can provide instant customer service, answering questions and resolving issues quickly and efficiently. This improves the overall shopping experience and helps increase customer satisfaction.\n\n4. Inventory management: AI can help with inventory management by analyzing data on sales, demand and supply to predict future demand and ensure that the store is always stocked with the products that customers want.\n\n5. Pricing optimization: AI can help retailers set optimal prices for their products by analyzing market trends, demand, and the prices of competitors. This can help to increase sales and profits.\n\nOverall, AI can help online retailers create a more personalized, efficient, and enjoyable shopping experience for their customers.\n*****QUESTION:***** If there is an explanation: Does the explanation list contributing factors?", "index": 829}, {"instruction": "How does  AI help to optimize online shopping experiences?", "input": "", "output": "AI can help optimize online shopping experiences in several ways. Here are some common ways AI is being used to improve online shopping:\n\n1. Personalized recommendations: AI algorithms can analyze a customer\u2019s browsing and purchase history to suggest personalized recommendations that are more likely to be relevant and of interest to the customer.\n\n2. Visual searches: AI-powered visual search allows customers to upload an image and find similar products within the online store, making it easy for customers to find what they are looking for without needing to know the exact name of the product.\n\n3. Enhanced customer service: AI chatbots can provide instant customer service, answering questions and resolving issues quickly and efficiently. This improves the overall shopping experience and helps increase customer satisfaction.\n\n4. Inventory management: AI can help with inventory management by analyzing data on sales, demand and supply to predict future demand and ensure that the store is always stocked with the products that customers want.\n\n5. Pricing optimization: AI can help retailers set optimal prices for their products by analyzing market trends, demand, and the prices of competitors. This can help to increase sales and profits.\n\nOverall, AI can help online retailers create a more personalized, efficient, and enjoyable shopping experience for their customers.", "all_data": "*****INSTRUCTION:***** How does  AI help to optimize online shopping experiences?\n\n*****OUTPUT:***** AI can help optimize online shopping experiences in several ways. Here are some common ways AI is being used to improve online shopping:\n\n1. Personalized recommendations: AI algorithms can analyze a customer\u2019s browsing and purchase history to suggest personalized recommendations that are more likely to be relevant and of interest to the customer.\n\n2. Visual searches: AI-powered visual search allows customers to upload an image and find similar products within the online store, making it easy for customers to find what they are looking for without needing to know the exact name of the product.\n\n3. Enhanced customer service: AI chatbots can provide instant customer service, answering questions and resolving issues quickly and efficiently. This improves the overall shopping experience and helps increase customer satisfaction.\n\n4. Inventory management: AI can help with inventory management by analyzing data on sales, demand and supply to predict future demand and ensure that the store is always stocked with the products that customers want.\n\n5. Pricing optimization: AI can help retailers set optimal prices for their products by analyzing market trends, demand, and the prices of competitors. This can help to increase sales and profits.\n\nOverall, AI can help online retailers create a more personalized, efficient, and enjoyable shopping experience for their customers.\n*****QUESTION:***** If there is an explanation: Does the explanation include subjective or biased criteria?", "index": 830}, {"instruction": "How does  AI help to optimize online shopping experiences?", "input": "", "output": "AI can help optimize online shopping experiences in several ways. Here are some common ways AI is being used to improve online shopping:\n\n1. Personalized recommendations: AI algorithms can analyze a customer\u2019s browsing and purchase history to suggest personalized recommendations that are more likely to be relevant and of interest to the customer.\n\n2. Visual searches: AI-powered visual search allows customers to upload an image and find similar products within the online store, making it easy for customers to find what they are looking for without needing to know the exact name of the product.\n\n3. Enhanced customer service: AI chatbots can provide instant customer service, answering questions and resolving issues quickly and efficiently. This improves the overall shopping experience and helps increase customer satisfaction.\n\n4. Inventory management: AI can help with inventory management by analyzing data on sales, demand and supply to predict future demand and ensure that the store is always stocked with the products that customers want.\n\n5. Pricing optimization: AI can help retailers set optimal prices for their products by analyzing market trends, demand, and the prices of competitors. This can help to increase sales and profits.\n\nOverall, AI can help online retailers create a more personalized, efficient, and enjoyable shopping experience for their customers.", "all_data": "*****INSTRUCTION:***** How does  AI help to optimize online shopping experiences?\n\n*****OUTPUT:***** AI can help optimize online shopping experiences in several ways. Here are some common ways AI is being used to improve online shopping:\n\n1. Personalized recommendations: AI algorithms can analyze a customer\u2019s browsing and purchase history to suggest personalized recommendations that are more likely to be relevant and of interest to the customer.\n\n2. Visual searches: AI-powered visual search allows customers to upload an image and find similar products within the online store, making it easy for customers to find what they are looking for without needing to know the exact name of the product.\n\n3. Enhanced customer service: AI chatbots can provide instant customer service, answering questions and resolving issues quickly and efficiently. This improves the overall shopping experience and helps increase customer satisfaction.\n\n4. Inventory management: AI can help with inventory management by analyzing data on sales, demand and supply to predict future demand and ensure that the store is always stocked with the products that customers want.\n\n5. Pricing optimization: AI can help retailers set optimal prices for their products by analyzing market trends, demand, and the prices of competitors. This can help to increase sales and profits.\n\nOverall, AI can help online retailers create a more personalized, efficient, and enjoyable shopping experience for their customers.\n*****QUESTION:***** If there is an explanation: Does the explanation include illustrative elements (e.g. examples)?", "index": 831}, {"instruction": "How does  AI help to optimize online shopping experiences?", "input": "", "output": "AI can help optimize online shopping experiences in several ways. Here are some common ways AI is being used to improve online shopping:\n\n1. Personalized recommendations: AI algorithms can analyze a customer\u2019s browsing and purchase history to suggest personalized recommendations that are more likely to be relevant and of interest to the customer.\n\n2. Visual searches: AI-powered visual search allows customers to upload an image and find similar products within the online store, making it easy for customers to find what they are looking for without needing to know the exact name of the product.\n\n3. Enhanced customer service: AI chatbots can provide instant customer service, answering questions and resolving issues quickly and efficiently. This improves the overall shopping experience and helps increase customer satisfaction.\n\n4. Inventory management: AI can help with inventory management by analyzing data on sales, demand and supply to predict future demand and ensure that the store is always stocked with the products that customers want.\n\n5. Pricing optimization: AI can help retailers set optimal prices for their products by analyzing market trends, demand, and the prices of competitors. This can help to increase sales and profits.\n\nOverall, AI can help online retailers create a more personalized, efficient, and enjoyable shopping experience for their customers.", "all_data": "*****INSTRUCTION:***** How does  AI help to optimize online shopping experiences?\n\n*****OUTPUT:***** AI can help optimize online shopping experiences in several ways. Here are some common ways AI is being used to improve online shopping:\n\n1. Personalized recommendations: AI algorithms can analyze a customer\u2019s browsing and purchase history to suggest personalized recommendations that are more likely to be relevant and of interest to the customer.\n\n2. Visual searches: AI-powered visual search allows customers to upload an image and find similar products within the online store, making it easy for customers to find what they are looking for without needing to know the exact name of the product.\n\n3. Enhanced customer service: AI chatbots can provide instant customer service, answering questions and resolving issues quickly and efficiently. This improves the overall shopping experience and helps increase customer satisfaction.\n\n4. Inventory management: AI can help with inventory management by analyzing data on sales, demand and supply to predict future demand and ensure that the store is always stocked with the products that customers want.\n\n5. Pricing optimization: AI can help retailers set optimal prices for their products by analyzing market trends, demand, and the prices of competitors. This can help to increase sales and profits.\n\nOverall, AI can help online retailers create a more personalized, efficient, and enjoyable shopping experience for their customers.\n*****QUESTION:***** If there is an explanation: Is the explanation misleading (e.g. arguing for a label that is wrong)?", "index": 832}, {"instruction": "Analyze the given sentence and determine whether it is grammatically correct or not.", "input": "He had to had renewed his license.", "output": "The given sentence is not grammatically correct. The correct sentence would be \"He had to renew his license.\"", "all_data": "*****INSTRUCTION:***** Analyze the given sentence and determine whether it is grammatically correct or not.\nHe had to had renewed his license.\n*****OUTPUT:***** The given sentence is not grammatically correct. The correct sentence would be \"He had to renew his license.\"\n*****QUESTION:***** Does the output contain an explanation for the prediction?", "index": 833}, {"instruction": "Analyze the given sentence and determine whether it is grammatically correct or not.", "input": "He had to had renewed his license.", "output": "The given sentence is not grammatically correct. The correct sentence would be \"He had to renew his license.\"", "all_data": "*****INSTRUCTION:***** Analyze the given sentence and determine whether it is grammatically correct or not.\nHe had to had renewed his license.\n*****OUTPUT:***** The given sentence is not grammatically correct. The correct sentence would be \"He had to renew his license.\"\n*****QUESTION:***** Would you give an explanation/justify your reasoning if you were asked this question by a friend?", "index": 834}, {"instruction": "Analyze the given sentence and determine whether it is grammatically correct or not.", "input": "He had to had renewed his license.", "output": "The given sentence is not grammatically correct. The correct sentence would be \"He had to renew his license.\"", "all_data": "*****INSTRUCTION:***** Analyze the given sentence and determine whether it is grammatically correct or not.\nHe had to had renewed his license.\n*****OUTPUT:***** The given sentence is not grammatically correct. The correct sentence would be \"He had to renew his license.\"\n*****QUESTION:***** If there is an explanation: Does the explanation refer to commonsense concepts that are taken as given?", "index": 835}, {"instruction": "Analyze the given sentence and determine whether it is grammatically correct or not.", "input": "He had to had renewed his license.", "output": "The given sentence is not grammatically correct. The correct sentence would be \"He had to renew his license.\"", "all_data": "*****INSTRUCTION:***** Analyze the given sentence and determine whether it is grammatically correct or not.\nHe had to had renewed his license.\n*****OUTPUT:***** The given sentence is not grammatically correct. The correct sentence would be \"He had to renew his license.\"\n*****QUESTION:***** If there is an explanation: Does the explanation list contributing factors?", "index": 836}, {"instruction": "Analyze the given sentence and determine whether it is grammatically correct or not.", "input": "He had to had renewed his license.", "output": "The given sentence is not grammatically correct. The correct sentence would be \"He had to renew his license.\"", "all_data": "*****INSTRUCTION:***** Analyze the given sentence and determine whether it is grammatically correct or not.\nHe had to had renewed his license.\n*****OUTPUT:***** The given sentence is not grammatically correct. The correct sentence would be \"He had to renew his license.\"\n*****QUESTION:***** If there is an explanation: Does the explanation include subjective or biased criteria?", "index": 837}, {"instruction": "Analyze the given sentence and determine whether it is grammatically correct or not.", "input": "He had to had renewed his license.", "output": "The given sentence is not grammatically correct. The correct sentence would be \"He had to renew his license.\"", "all_data": "*****INSTRUCTION:***** Analyze the given sentence and determine whether it is grammatically correct or not.\nHe had to had renewed his license.\n*****OUTPUT:***** The given sentence is not grammatically correct. The correct sentence would be \"He had to renew his license.\"\n*****QUESTION:***** If there is an explanation: Does the explanation include illustrative elements (e.g. examples)?", "index": 838}, {"instruction": "Analyze the given sentence and determine whether it is grammatically correct or not.", "input": "He had to had renewed his license.", "output": "The given sentence is not grammatically correct. The correct sentence would be \"He had to renew his license.\"", "all_data": "*****INSTRUCTION:***** Analyze the given sentence and determine whether it is grammatically correct or not.\nHe had to had renewed his license.\n*****OUTPUT:***** The given sentence is not grammatically correct. The correct sentence would be \"He had to renew his license.\"\n*****QUESTION:***** If there is an explanation: Is the explanation misleading (e.g. arguing for a label that is wrong)?", "index": 839}, {"instruction": "Modify the following recipe to make it healthier.", "input": "Chocolate Chip Cookies\nIngredients: \n- 1 cup butter\n- 1 cup white sugar\n- 1 cup packed brown sugar\n- 2 eggs\n- 2 teaspoons vanilla extract\n- 3 cups all-purpose flour\n- 1 teaspoon baking soda\n- 1/2 teaspoon salt\n- 2 cups semisweet chocolate chips", "output": "Here is a modified, healthier version of the Chocolate Chip Cookies Recipe : \n\nIngredients: \n- 1 cup unsalted butter (or 1/2 cup unsalted butter and 1/2 cup applesauce for lower calorie cookies)\n- 1/2 cup white sugar (or granulated sugar substitute for lower calorie cookies)\n- 1 cup packed brown sugar \n- 2 eggs\n- 2 teaspoons vanilla extract\n- 3 cups whole wheat flour\n- 1 teaspoon baking soda\n- 1/2 teaspoon salt\n- 2 cups semisweet chocolate chips (or dark chocolate chips for more antioxidants)", "all_data": "*****INSTRUCTION:***** Modify the following recipe to make it healthier.\nChocolate Chip Cookies\nIngredients: \n- 1 cup butter\n- 1 cup white sugar\n- 1 cup packed brown sugar\n- 2 eggs\n- 2 teaspoons vanilla extract\n- 3 cups all-purpose flour\n- 1 teaspoon baking soda\n- 1/2 teaspoon salt\n- 2 cups semisweet chocolate chips\n*****OUTPUT:***** Here is a modified, healthier version of the Chocolate Chip Cookies Recipe : \n\nIngredients: \n- 1 cup unsalted butter (or 1/2 cup unsalted butter and 1/2 cup applesauce for lower calorie cookies)\n- 1/2 cup white sugar (or granulated sugar substitute for lower calorie cookies)\n- 1 cup packed brown sugar \n- 2 eggs\n- 2 teaspoons vanilla extract\n- 3 cups whole wheat flour\n- 1 teaspoon baking soda\n- 1/2 teaspoon salt\n- 2 cups semisweet chocolate chips (or dark chocolate chips for more antioxidants)\n*****QUESTION:***** Does the output contain an explanation for the prediction?", "index": 840}, {"instruction": "Modify the following recipe to make it healthier.", "input": "Chocolate Chip Cookies\nIngredients: \n- 1 cup butter\n- 1 cup white sugar\n- 1 cup packed brown sugar\n- 2 eggs\n- 2 teaspoons vanilla extract\n- 3 cups all-purpose flour\n- 1 teaspoon baking soda\n- 1/2 teaspoon salt\n- 2 cups semisweet chocolate chips", "output": "Here is a modified, healthier version of the Chocolate Chip Cookies Recipe : \n\nIngredients: \n- 1 cup unsalted butter (or 1/2 cup unsalted butter and 1/2 cup applesauce for lower calorie cookies)\n- 1/2 cup white sugar (or granulated sugar substitute for lower calorie cookies)\n- 1 cup packed brown sugar \n- 2 eggs\n- 2 teaspoons vanilla extract\n- 3 cups whole wheat flour\n- 1 teaspoon baking soda\n- 1/2 teaspoon salt\n- 2 cups semisweet chocolate chips (or dark chocolate chips for more antioxidants)", "all_data": "*****INSTRUCTION:***** Modify the following recipe to make it healthier.\nChocolate Chip Cookies\nIngredients: \n- 1 cup butter\n- 1 cup white sugar\n- 1 cup packed brown sugar\n- 2 eggs\n- 2 teaspoons vanilla extract\n- 3 cups all-purpose flour\n- 1 teaspoon baking soda\n- 1/2 teaspoon salt\n- 2 cups semisweet chocolate chips\n*****OUTPUT:***** Here is a modified, healthier version of the Chocolate Chip Cookies Recipe : \n\nIngredients: \n- 1 cup unsalted butter (or 1/2 cup unsalted butter and 1/2 cup applesauce for lower calorie cookies)\n- 1/2 cup white sugar (or granulated sugar substitute for lower calorie cookies)\n- 1 cup packed brown sugar \n- 2 eggs\n- 2 teaspoons vanilla extract\n- 3 cups whole wheat flour\n- 1 teaspoon baking soda\n- 1/2 teaspoon salt\n- 2 cups semisweet chocolate chips (or dark chocolate chips for more antioxidants)\n*****QUESTION:***** Would you give an explanation/justify your reasoning if you were asked this question by a friend?", "index": 841}, {"instruction": "Modify the following recipe to make it healthier.", "input": "Chocolate Chip Cookies\nIngredients: \n- 1 cup butter\n- 1 cup white sugar\n- 1 cup packed brown sugar\n- 2 eggs\n- 2 teaspoons vanilla extract\n- 3 cups all-purpose flour\n- 1 teaspoon baking soda\n- 1/2 teaspoon salt\n- 2 cups semisweet chocolate chips", "output": "Here is a modified, healthier version of the Chocolate Chip Cookies Recipe : \n\nIngredients: \n- 1 cup unsalted butter (or 1/2 cup unsalted butter and 1/2 cup applesauce for lower calorie cookies)\n- 1/2 cup white sugar (or granulated sugar substitute for lower calorie cookies)\n- 1 cup packed brown sugar \n- 2 eggs\n- 2 teaspoons vanilla extract\n- 3 cups whole wheat flour\n- 1 teaspoon baking soda\n- 1/2 teaspoon salt\n- 2 cups semisweet chocolate chips (or dark chocolate chips for more antioxidants)", "all_data": "*****INSTRUCTION:***** Modify the following recipe to make it healthier.\nChocolate Chip Cookies\nIngredients: \n- 1 cup butter\n- 1 cup white sugar\n- 1 cup packed brown sugar\n- 2 eggs\n- 2 teaspoons vanilla extract\n- 3 cups all-purpose flour\n- 1 teaspoon baking soda\n- 1/2 teaspoon salt\n- 2 cups semisweet chocolate chips\n*****OUTPUT:***** Here is a modified, healthier version of the Chocolate Chip Cookies Recipe : \n\nIngredients: \n- 1 cup unsalted butter (or 1/2 cup unsalted butter and 1/2 cup applesauce for lower calorie cookies)\n- 1/2 cup white sugar (or granulated sugar substitute for lower calorie cookies)\n- 1 cup packed brown sugar \n- 2 eggs\n- 2 teaspoons vanilla extract\n- 3 cups whole wheat flour\n- 1 teaspoon baking soda\n- 1/2 teaspoon salt\n- 2 cups semisweet chocolate chips (or dark chocolate chips for more antioxidants)\n*****QUESTION:***** If there is an explanation: Does the explanation refer to commonsense concepts that are taken as given?", "index": 842}, {"instruction": "Modify the following recipe to make it healthier.", "input": "Chocolate Chip Cookies\nIngredients: \n- 1 cup butter\n- 1 cup white sugar\n- 1 cup packed brown sugar\n- 2 eggs\n- 2 teaspoons vanilla extract\n- 3 cups all-purpose flour\n- 1 teaspoon baking soda\n- 1/2 teaspoon salt\n- 2 cups semisweet chocolate chips", "output": "Here is a modified, healthier version of the Chocolate Chip Cookies Recipe : \n\nIngredients: \n- 1 cup unsalted butter (or 1/2 cup unsalted butter and 1/2 cup applesauce for lower calorie cookies)\n- 1/2 cup white sugar (or granulated sugar substitute for lower calorie cookies)\n- 1 cup packed brown sugar \n- 2 eggs\n- 2 teaspoons vanilla extract\n- 3 cups whole wheat flour\n- 1 teaspoon baking soda\n- 1/2 teaspoon salt\n- 2 cups semisweet chocolate chips (or dark chocolate chips for more antioxidants)", "all_data": "*****INSTRUCTION:***** Modify the following recipe to make it healthier.\nChocolate Chip Cookies\nIngredients: \n- 1 cup butter\n- 1 cup white sugar\n- 1 cup packed brown sugar\n- 2 eggs\n- 2 teaspoons vanilla extract\n- 3 cups all-purpose flour\n- 1 teaspoon baking soda\n- 1/2 teaspoon salt\n- 2 cups semisweet chocolate chips\n*****OUTPUT:***** Here is a modified, healthier version of the Chocolate Chip Cookies Recipe : \n\nIngredients: \n- 1 cup unsalted butter (or 1/2 cup unsalted butter and 1/2 cup applesauce for lower calorie cookies)\n- 1/2 cup white sugar (or granulated sugar substitute for lower calorie cookies)\n- 1 cup packed brown sugar \n- 2 eggs\n- 2 teaspoons vanilla extract\n- 3 cups whole wheat flour\n- 1 teaspoon baking soda\n- 1/2 teaspoon salt\n- 2 cups semisweet chocolate chips (or dark chocolate chips for more antioxidants)\n*****QUESTION:***** If there is an explanation: Does the explanation list contributing factors?", "index": 843}, {"instruction": "Modify the following recipe to make it healthier.", "input": "Chocolate Chip Cookies\nIngredients: \n- 1 cup butter\n- 1 cup white sugar\n- 1 cup packed brown sugar\n- 2 eggs\n- 2 teaspoons vanilla extract\n- 3 cups all-purpose flour\n- 1 teaspoon baking soda\n- 1/2 teaspoon salt\n- 2 cups semisweet chocolate chips", "output": "Here is a modified, healthier version of the Chocolate Chip Cookies Recipe : \n\nIngredients: \n- 1 cup unsalted butter (or 1/2 cup unsalted butter and 1/2 cup applesauce for lower calorie cookies)\n- 1/2 cup white sugar (or granulated sugar substitute for lower calorie cookies)\n- 1 cup packed brown sugar \n- 2 eggs\n- 2 teaspoons vanilla extract\n- 3 cups whole wheat flour\n- 1 teaspoon baking soda\n- 1/2 teaspoon salt\n- 2 cups semisweet chocolate chips (or dark chocolate chips for more antioxidants)", "all_data": "*****INSTRUCTION:***** Modify the following recipe to make it healthier.\nChocolate Chip Cookies\nIngredients: \n- 1 cup butter\n- 1 cup white sugar\n- 1 cup packed brown sugar\n- 2 eggs\n- 2 teaspoons vanilla extract\n- 3 cups all-purpose flour\n- 1 teaspoon baking soda\n- 1/2 teaspoon salt\n- 2 cups semisweet chocolate chips\n*****OUTPUT:***** Here is a modified, healthier version of the Chocolate Chip Cookies Recipe : \n\nIngredients: \n- 1 cup unsalted butter (or 1/2 cup unsalted butter and 1/2 cup applesauce for lower calorie cookies)\n- 1/2 cup white sugar (or granulated sugar substitute for lower calorie cookies)\n- 1 cup packed brown sugar \n- 2 eggs\n- 2 teaspoons vanilla extract\n- 3 cups whole wheat flour\n- 1 teaspoon baking soda\n- 1/2 teaspoon salt\n- 2 cups semisweet chocolate chips (or dark chocolate chips for more antioxidants)\n*****QUESTION:***** If there is an explanation: Does the explanation include subjective or biased criteria?", "index": 844}, {"instruction": "Modify the following recipe to make it healthier.", "input": "Chocolate Chip Cookies\nIngredients: \n- 1 cup butter\n- 1 cup white sugar\n- 1 cup packed brown sugar\n- 2 eggs\n- 2 teaspoons vanilla extract\n- 3 cups all-purpose flour\n- 1 teaspoon baking soda\n- 1/2 teaspoon salt\n- 2 cups semisweet chocolate chips", "output": "Here is a modified, healthier version of the Chocolate Chip Cookies Recipe : \n\nIngredients: \n- 1 cup unsalted butter (or 1/2 cup unsalted butter and 1/2 cup applesauce for lower calorie cookies)\n- 1/2 cup white sugar (or granulated sugar substitute for lower calorie cookies)\n- 1 cup packed brown sugar \n- 2 eggs\n- 2 teaspoons vanilla extract\n- 3 cups whole wheat flour\n- 1 teaspoon baking soda\n- 1/2 teaspoon salt\n- 2 cups semisweet chocolate chips (or dark chocolate chips for more antioxidants)", "all_data": "*****INSTRUCTION:***** Modify the following recipe to make it healthier.\nChocolate Chip Cookies\nIngredients: \n- 1 cup butter\n- 1 cup white sugar\n- 1 cup packed brown sugar\n- 2 eggs\n- 2 teaspoons vanilla extract\n- 3 cups all-purpose flour\n- 1 teaspoon baking soda\n- 1/2 teaspoon salt\n- 2 cups semisweet chocolate chips\n*****OUTPUT:***** Here is a modified, healthier version of the Chocolate Chip Cookies Recipe : \n\nIngredients: \n- 1 cup unsalted butter (or 1/2 cup unsalted butter and 1/2 cup applesauce for lower calorie cookies)\n- 1/2 cup white sugar (or granulated sugar substitute for lower calorie cookies)\n- 1 cup packed brown sugar \n- 2 eggs\n- 2 teaspoons vanilla extract\n- 3 cups whole wheat flour\n- 1 teaspoon baking soda\n- 1/2 teaspoon salt\n- 2 cups semisweet chocolate chips (or dark chocolate chips for more antioxidants)\n*****QUESTION:***** If there is an explanation: Does the explanation include illustrative elements (e.g. examples)?", "index": 845}, {"instruction": "Modify the following recipe to make it healthier.", "input": "Chocolate Chip Cookies\nIngredients: \n- 1 cup butter\n- 1 cup white sugar\n- 1 cup packed brown sugar\n- 2 eggs\n- 2 teaspoons vanilla extract\n- 3 cups all-purpose flour\n- 1 teaspoon baking soda\n- 1/2 teaspoon salt\n- 2 cups semisweet chocolate chips", "output": "Here is a modified, healthier version of the Chocolate Chip Cookies Recipe : \n\nIngredients: \n- 1 cup unsalted butter (or 1/2 cup unsalted butter and 1/2 cup applesauce for lower calorie cookies)\n- 1/2 cup white sugar (or granulated sugar substitute for lower calorie cookies)\n- 1 cup packed brown sugar \n- 2 eggs\n- 2 teaspoons vanilla extract\n- 3 cups whole wheat flour\n- 1 teaspoon baking soda\n- 1/2 teaspoon salt\n- 2 cups semisweet chocolate chips (or dark chocolate chips for more antioxidants)", "all_data": "*****INSTRUCTION:***** Modify the following recipe to make it healthier.\nChocolate Chip Cookies\nIngredients: \n- 1 cup butter\n- 1 cup white sugar\n- 1 cup packed brown sugar\n- 2 eggs\n- 2 teaspoons vanilla extract\n- 3 cups all-purpose flour\n- 1 teaspoon baking soda\n- 1/2 teaspoon salt\n- 2 cups semisweet chocolate chips\n*****OUTPUT:***** Here is a modified, healthier version of the Chocolate Chip Cookies Recipe : \n\nIngredients: \n- 1 cup unsalted butter (or 1/2 cup unsalted butter and 1/2 cup applesauce for lower calorie cookies)\n- 1/2 cup white sugar (or granulated sugar substitute for lower calorie cookies)\n- 1 cup packed brown sugar \n- 2 eggs\n- 2 teaspoons vanilla extract\n- 3 cups whole wheat flour\n- 1 teaspoon baking soda\n- 1/2 teaspoon salt\n- 2 cups semisweet chocolate chips (or dark chocolate chips for more antioxidants)\n*****QUESTION:***** If there is an explanation: Is the explanation misleading (e.g. arguing for a label that is wrong)?", "index": 846}, {"instruction": "Suggest a debugging strategy for identifying the bug in the following code.", "input": "def say_hello():\n    print(\"Hello world!\")\n    print(\"Goodbye world\")", "output": "Here is a debugging strategy for identifying the bug in the code:\n\n1. Read and understand the code: Carefully review the code and make sure you understand what it's intended to do. In this case, the `say_hello()` function is supposed to print two statements: \"Hello world!\" and \"Goodbye world\".\n\n2. Check the syntax: Ensure that the code follows the correct syntax and formatting standards for the programming language in use. In this case, there seem to be no syntax errors in the Python code.\n\n3. Test the code: Run the code and see if the output matches the expected outcome. In this case, calling the `say_hello()` function would produce the following output:\n```\nHello world!\nGoodbye world\n```\n4. Verify the output: Compare the actual output of the code with the expected output. If there is a difference, it could indicate a bug. In this case, the output seems to be missing a punctuation mark at the end of the second statement. If it was meant to be like that its fine because it doesn't affect the code logic. This means there is no bug in the code but if it should have been there then it could be corrected like this:\n```\ndef say_hello():\n    print(\"Hello world!\")\n    print(\"Goodbye world.\")\n``` \n\nIf there are more bugs that are not obvious the code could be checked more in depth with a linter or running additional test cases to verify the logic.", "all_data": "*****INSTRUCTION:***** Suggest a debugging strategy for identifying the bug in the following code.\ndef say_hello():\n    print(\"Hello world!\")\n    print(\"Goodbye world\")\n*****OUTPUT:***** Here is a debugging strategy for identifying the bug in the code:\n\n1. Read and understand the code: Carefully review the code and make sure you understand what it's intended to do. In this case, the `say_hello()` function is supposed to print two statements: \"Hello world!\" and \"Goodbye world\".\n\n2. Check the syntax: Ensure that the code follows the correct syntax and formatting standards for the programming language in use. In this case, there seem to be no syntax errors in the Python code.\n\n3. Test the code: Run the code and see if the output matches the expected outcome. In this case, calling the `say_hello()` function would produce the following output:\n```\nHello world!\nGoodbye world\n```\n4. Verify the output: Compare the actual output of the code with the expected output. If there is a difference, it could indicate a bug. In this case, the output seems to be missing a punctuation mark at the end of the second statement. If it was meant to be like that its fine because it doesn't affect the code logic. This means there is no bug in the code but if it should have been there then it could be corrected like this:\n```\ndef say_hello():\n    print(\"Hello world!\")\n    print(\"Goodbye world.\")\n``` \n\nIf there are more bugs that are not obvious the code could be checked more in depth with a linter or running additional test cases to verify the logic.\n*****QUESTION:***** Does the output contain an explanation for the prediction?", "index": 847}, {"instruction": "Suggest a debugging strategy for identifying the bug in the following code.", "input": "def say_hello():\n    print(\"Hello world!\")\n    print(\"Goodbye world\")", "output": "Here is a debugging strategy for identifying the bug in the code:\n\n1. Read and understand the code: Carefully review the code and make sure you understand what it's intended to do. In this case, the `say_hello()` function is supposed to print two statements: \"Hello world!\" and \"Goodbye world\".\n\n2. Check the syntax: Ensure that the code follows the correct syntax and formatting standards for the programming language in use. In this case, there seem to be no syntax errors in the Python code.\n\n3. Test the code: Run the code and see if the output matches the expected outcome. In this case, calling the `say_hello()` function would produce the following output:\n```\nHello world!\nGoodbye world\n```\n4. Verify the output: Compare the actual output of the code with the expected output. If there is a difference, it could indicate a bug. In this case, the output seems to be missing a punctuation mark at the end of the second statement. If it was meant to be like that its fine because it doesn't affect the code logic. This means there is no bug in the code but if it should have been there then it could be corrected like this:\n```\ndef say_hello():\n    print(\"Hello world!\")\n    print(\"Goodbye world.\")\n``` \n\nIf there are more bugs that are not obvious the code could be checked more in depth with a linter or running additional test cases to verify the logic.", "all_data": "*****INSTRUCTION:***** Suggest a debugging strategy for identifying the bug in the following code.\ndef say_hello():\n    print(\"Hello world!\")\n    print(\"Goodbye world\")\n*****OUTPUT:***** Here is a debugging strategy for identifying the bug in the code:\n\n1. Read and understand the code: Carefully review the code and make sure you understand what it's intended to do. In this case, the `say_hello()` function is supposed to print two statements: \"Hello world!\" and \"Goodbye world\".\n\n2. Check the syntax: Ensure that the code follows the correct syntax and formatting standards for the programming language in use. In this case, there seem to be no syntax errors in the Python code.\n\n3. Test the code: Run the code and see if the output matches the expected outcome. In this case, calling the `say_hello()` function would produce the following output:\n```\nHello world!\nGoodbye world\n```\n4. Verify the output: Compare the actual output of the code with the expected output. If there is a difference, it could indicate a bug. In this case, the output seems to be missing a punctuation mark at the end of the second statement. If it was meant to be like that its fine because it doesn't affect the code logic. This means there is no bug in the code but if it should have been there then it could be corrected like this:\n```\ndef say_hello():\n    print(\"Hello world!\")\n    print(\"Goodbye world.\")\n``` \n\nIf there are more bugs that are not obvious the code could be checked more in depth with a linter or running additional test cases to verify the logic.\n*****QUESTION:***** Would you give an explanation/justify your reasoning if you were asked this question by a friend?", "index": 848}, {"instruction": "Suggest a debugging strategy for identifying the bug in the following code.", "input": "def say_hello():\n    print(\"Hello world!\")\n    print(\"Goodbye world\")", "output": "Here is a debugging strategy for identifying the bug in the code:\n\n1. Read and understand the code: Carefully review the code and make sure you understand what it's intended to do. In this case, the `say_hello()` function is supposed to print two statements: \"Hello world!\" and \"Goodbye world\".\n\n2. Check the syntax: Ensure that the code follows the correct syntax and formatting standards for the programming language in use. In this case, there seem to be no syntax errors in the Python code.\n\n3. Test the code: Run the code and see if the output matches the expected outcome. In this case, calling the `say_hello()` function would produce the following output:\n```\nHello world!\nGoodbye world\n```\n4. Verify the output: Compare the actual output of the code with the expected output. If there is a difference, it could indicate a bug. In this case, the output seems to be missing a punctuation mark at the end of the second statement. If it was meant to be like that its fine because it doesn't affect the code logic. This means there is no bug in the code but if it should have been there then it could be corrected like this:\n```\ndef say_hello():\n    print(\"Hello world!\")\n    print(\"Goodbye world.\")\n``` \n\nIf there are more bugs that are not obvious the code could be checked more in depth with a linter or running additional test cases to verify the logic.", "all_data": "*****INSTRUCTION:***** Suggest a debugging strategy for identifying the bug in the following code.\ndef say_hello():\n    print(\"Hello world!\")\n    print(\"Goodbye world\")\n*****OUTPUT:***** Here is a debugging strategy for identifying the bug in the code:\n\n1. Read and understand the code: Carefully review the code and make sure you understand what it's intended to do. In this case, the `say_hello()` function is supposed to print two statements: \"Hello world!\" and \"Goodbye world\".\n\n2. Check the syntax: Ensure that the code follows the correct syntax and formatting standards for the programming language in use. In this case, there seem to be no syntax errors in the Python code.\n\n3. Test the code: Run the code and see if the output matches the expected outcome. In this case, calling the `say_hello()` function would produce the following output:\n```\nHello world!\nGoodbye world\n```\n4. Verify the output: Compare the actual output of the code with the expected output. If there is a difference, it could indicate a bug. In this case, the output seems to be missing a punctuation mark at the end of the second statement. If it was meant to be like that its fine because it doesn't affect the code logic. This means there is no bug in the code but if it should have been there then it could be corrected like this:\n```\ndef say_hello():\n    print(\"Hello world!\")\n    print(\"Goodbye world.\")\n``` \n\nIf there are more bugs that are not obvious the code could be checked more in depth with a linter or running additional test cases to verify the logic.\n*****QUESTION:***** If there is an explanation: Does the explanation refer to commonsense concepts that are taken as given?", "index": 849}, {"instruction": "Suggest a debugging strategy for identifying the bug in the following code.", "input": "def say_hello():\n    print(\"Hello world!\")\n    print(\"Goodbye world\")", "output": "Here is a debugging strategy for identifying the bug in the code:\n\n1. Read and understand the code: Carefully review the code and make sure you understand what it's intended to do. In this case, the `say_hello()` function is supposed to print two statements: \"Hello world!\" and \"Goodbye world\".\n\n2. Check the syntax: Ensure that the code follows the correct syntax and formatting standards for the programming language in use. In this case, there seem to be no syntax errors in the Python code.\n\n3. Test the code: Run the code and see if the output matches the expected outcome. In this case, calling the `say_hello()` function would produce the following output:\n```\nHello world!\nGoodbye world\n```\n4. Verify the output: Compare the actual output of the code with the expected output. If there is a difference, it could indicate a bug. In this case, the output seems to be missing a punctuation mark at the end of the second statement. If it was meant to be like that its fine because it doesn't affect the code logic. This means there is no bug in the code but if it should have been there then it could be corrected like this:\n```\ndef say_hello():\n    print(\"Hello world!\")\n    print(\"Goodbye world.\")\n``` \n\nIf there are more bugs that are not obvious the code could be checked more in depth with a linter or running additional test cases to verify the logic.", "all_data": "*****INSTRUCTION:***** Suggest a debugging strategy for identifying the bug in the following code.\ndef say_hello():\n    print(\"Hello world!\")\n    print(\"Goodbye world\")\n*****OUTPUT:***** Here is a debugging strategy for identifying the bug in the code:\n\n1. Read and understand the code: Carefully review the code and make sure you understand what it's intended to do. In this case, the `say_hello()` function is supposed to print two statements: \"Hello world!\" and \"Goodbye world\".\n\n2. Check the syntax: Ensure that the code follows the correct syntax and formatting standards for the programming language in use. In this case, there seem to be no syntax errors in the Python code.\n\n3. Test the code: Run the code and see if the output matches the expected outcome. In this case, calling the `say_hello()` function would produce the following output:\n```\nHello world!\nGoodbye world\n```\n4. Verify the output: Compare the actual output of the code with the expected output. If there is a difference, it could indicate a bug. In this case, the output seems to be missing a punctuation mark at the end of the second statement. If it was meant to be like that its fine because it doesn't affect the code logic. This means there is no bug in the code but if it should have been there then it could be corrected like this:\n```\ndef say_hello():\n    print(\"Hello world!\")\n    print(\"Goodbye world.\")\n``` \n\nIf there are more bugs that are not obvious the code could be checked more in depth with a linter or running additional test cases to verify the logic.\n*****QUESTION:***** If there is an explanation: Does the explanation list contributing factors?", "index": 850}, {"instruction": "Suggest a debugging strategy for identifying the bug in the following code.", "input": "def say_hello():\n    print(\"Hello world!\")\n    print(\"Goodbye world\")", "output": "Here is a debugging strategy for identifying the bug in the code:\n\n1. Read and understand the code: Carefully review the code and make sure you understand what it's intended to do. In this case, the `say_hello()` function is supposed to print two statements: \"Hello world!\" and \"Goodbye world\".\n\n2. Check the syntax: Ensure that the code follows the correct syntax and formatting standards for the programming language in use. In this case, there seem to be no syntax errors in the Python code.\n\n3. Test the code: Run the code and see if the output matches the expected outcome. In this case, calling the `say_hello()` function would produce the following output:\n```\nHello world!\nGoodbye world\n```\n4. Verify the output: Compare the actual output of the code with the expected output. If there is a difference, it could indicate a bug. In this case, the output seems to be missing a punctuation mark at the end of the second statement. If it was meant to be like that its fine because it doesn't affect the code logic. This means there is no bug in the code but if it should have been there then it could be corrected like this:\n```\ndef say_hello():\n    print(\"Hello world!\")\n    print(\"Goodbye world.\")\n``` \n\nIf there are more bugs that are not obvious the code could be checked more in depth with a linter or running additional test cases to verify the logic.", "all_data": "*****INSTRUCTION:***** Suggest a debugging strategy for identifying the bug in the following code.\ndef say_hello():\n    print(\"Hello world!\")\n    print(\"Goodbye world\")\n*****OUTPUT:***** Here is a debugging strategy for identifying the bug in the code:\n\n1. Read and understand the code: Carefully review the code and make sure you understand what it's intended to do. In this case, the `say_hello()` function is supposed to print two statements: \"Hello world!\" and \"Goodbye world\".\n\n2. Check the syntax: Ensure that the code follows the correct syntax and formatting standards for the programming language in use. In this case, there seem to be no syntax errors in the Python code.\n\n3. Test the code: Run the code and see if the output matches the expected outcome. In this case, calling the `say_hello()` function would produce the following output:\n```\nHello world!\nGoodbye world\n```\n4. Verify the output: Compare the actual output of the code with the expected output. If there is a difference, it could indicate a bug. In this case, the output seems to be missing a punctuation mark at the end of the second statement. If it was meant to be like that its fine because it doesn't affect the code logic. This means there is no bug in the code but if it should have been there then it could be corrected like this:\n```\ndef say_hello():\n    print(\"Hello world!\")\n    print(\"Goodbye world.\")\n``` \n\nIf there are more bugs that are not obvious the code could be checked more in depth with a linter or running additional test cases to verify the logic.\n*****QUESTION:***** If there is an explanation: Does the explanation include subjective or biased criteria?", "index": 851}, {"instruction": "Suggest a debugging strategy for identifying the bug in the following code.", "input": "def say_hello():\n    print(\"Hello world!\")\n    print(\"Goodbye world\")", "output": "Here is a debugging strategy for identifying the bug in the code:\n\n1. Read and understand the code: Carefully review the code and make sure you understand what it's intended to do. In this case, the `say_hello()` function is supposed to print two statements: \"Hello world!\" and \"Goodbye world\".\n\n2. Check the syntax: Ensure that the code follows the correct syntax and formatting standards for the programming language in use. In this case, there seem to be no syntax errors in the Python code.\n\n3. Test the code: Run the code and see if the output matches the expected outcome. In this case, calling the `say_hello()` function would produce the following output:\n```\nHello world!\nGoodbye world\n```\n4. Verify the output: Compare the actual output of the code with the expected output. If there is a difference, it could indicate a bug. In this case, the output seems to be missing a punctuation mark at the end of the second statement. If it was meant to be like that its fine because it doesn't affect the code logic. This means there is no bug in the code but if it should have been there then it could be corrected like this:\n```\ndef say_hello():\n    print(\"Hello world!\")\n    print(\"Goodbye world.\")\n``` \n\nIf there are more bugs that are not obvious the code could be checked more in depth with a linter or running additional test cases to verify the logic.", "all_data": "*****INSTRUCTION:***** Suggest a debugging strategy for identifying the bug in the following code.\ndef say_hello():\n    print(\"Hello world!\")\n    print(\"Goodbye world\")\n*****OUTPUT:***** Here is a debugging strategy for identifying the bug in the code:\n\n1. Read and understand the code: Carefully review the code and make sure you understand what it's intended to do. In this case, the `say_hello()` function is supposed to print two statements: \"Hello world!\" and \"Goodbye world\".\n\n2. Check the syntax: Ensure that the code follows the correct syntax and formatting standards for the programming language in use. In this case, there seem to be no syntax errors in the Python code.\n\n3. Test the code: Run the code and see if the output matches the expected outcome. In this case, calling the `say_hello()` function would produce the following output:\n```\nHello world!\nGoodbye world\n```\n4. Verify the output: Compare the actual output of the code with the expected output. If there is a difference, it could indicate a bug. In this case, the output seems to be missing a punctuation mark at the end of the second statement. If it was meant to be like that its fine because it doesn't affect the code logic. This means there is no bug in the code but if it should have been there then it could be corrected like this:\n```\ndef say_hello():\n    print(\"Hello world!\")\n    print(\"Goodbye world.\")\n``` \n\nIf there are more bugs that are not obvious the code could be checked more in depth with a linter or running additional test cases to verify the logic.\n*****QUESTION:***** If there is an explanation: Does the explanation include illustrative elements (e.g. examples)?", "index": 852}, {"instruction": "Suggest a debugging strategy for identifying the bug in the following code.", "input": "def say_hello():\n    print(\"Hello world!\")\n    print(\"Goodbye world\")", "output": "Here is a debugging strategy for identifying the bug in the code:\n\n1. Read and understand the code: Carefully review the code and make sure you understand what it's intended to do. In this case, the `say_hello()` function is supposed to print two statements: \"Hello world!\" and \"Goodbye world\".\n\n2. Check the syntax: Ensure that the code follows the correct syntax and formatting standards for the programming language in use. In this case, there seem to be no syntax errors in the Python code.\n\n3. Test the code: Run the code and see if the output matches the expected outcome. In this case, calling the `say_hello()` function would produce the following output:\n```\nHello world!\nGoodbye world\n```\n4. Verify the output: Compare the actual output of the code with the expected output. If there is a difference, it could indicate a bug. In this case, the output seems to be missing a punctuation mark at the end of the second statement. If it was meant to be like that its fine because it doesn't affect the code logic. This means there is no bug in the code but if it should have been there then it could be corrected like this:\n```\ndef say_hello():\n    print(\"Hello world!\")\n    print(\"Goodbye world.\")\n``` \n\nIf there are more bugs that are not obvious the code could be checked more in depth with a linter or running additional test cases to verify the logic.", "all_data": "*****INSTRUCTION:***** Suggest a debugging strategy for identifying the bug in the following code.\ndef say_hello():\n    print(\"Hello world!\")\n    print(\"Goodbye world\")\n*****OUTPUT:***** Here is a debugging strategy for identifying the bug in the code:\n\n1. Read and understand the code: Carefully review the code and make sure you understand what it's intended to do. In this case, the `say_hello()` function is supposed to print two statements: \"Hello world!\" and \"Goodbye world\".\n\n2. Check the syntax: Ensure that the code follows the correct syntax and formatting standards for the programming language in use. In this case, there seem to be no syntax errors in the Python code.\n\n3. Test the code: Run the code and see if the output matches the expected outcome. In this case, calling the `say_hello()` function would produce the following output:\n```\nHello world!\nGoodbye world\n```\n4. Verify the output: Compare the actual output of the code with the expected output. If there is a difference, it could indicate a bug. In this case, the output seems to be missing a punctuation mark at the end of the second statement. If it was meant to be like that its fine because it doesn't affect the code logic. This means there is no bug in the code but if it should have been there then it could be corrected like this:\n```\ndef say_hello():\n    print(\"Hello world!\")\n    print(\"Goodbye world.\")\n``` \n\nIf there are more bugs that are not obvious the code could be checked more in depth with a linter or running additional test cases to verify the logic.\n*****QUESTION:***** If there is an explanation: Is the explanation misleading (e.g. arguing for a label that is wrong)?", "index": 853}, {"instruction": "What are the common techniques for solving a system of linear equations?", "input": "", "output": "There are several common techniques for solving systems of linear equations, including the following:\n\n1. Graphing: One way to solve a system of linear equations is to graph the equations on the same set of axes and see where they intersect. The x- and y-coordinates of the intersection point are the solutions to the system.\n\n2. Substitution: This method involves solving for one variable in one equation, then substituting that solution into the other equation to solve for the remaining variable. After finding the value of one variable, you can substitute it back into one of the equations to obtain the value of the other variable.\n\n3. Elimination: This method involves adding or subtracting the equations to eliminate one of the variables. Once one variable is eliminated, you can solve for the remaining variable. After finding the value of one variable, you can substitute it back into one of the equations to obtain the value of the other variable.\n\n4. Gaussian elimination: This method involves using row operations to transform the augmented matrix of the system into an equivalent matrix in echelon form. Then, back substitution is used to solve for the variables.\n\n5. Matrix methods: Systems of linear equations can also be solved using matrix methods such as the inverse matrix method or Cramer's rule. These methods involve using matrix algebra to represent and solve the system of equations.\n\nRegardless of the method used, the underlying goal is to find the values of the variables that make all the equations in the system true simultaneously.", "all_data": "*****INSTRUCTION:***** What are the common techniques for solving a system of linear equations?\n\n*****OUTPUT:***** There are several common techniques for solving systems of linear equations, including the following:\n\n1. Graphing: One way to solve a system of linear equations is to graph the equations on the same set of axes and see where they intersect. The x- and y-coordinates of the intersection point are the solutions to the system.\n\n2. Substitution: This method involves solving for one variable in one equation, then substituting that solution into the other equation to solve for the remaining variable. After finding the value of one variable, you can substitute it back into one of the equations to obtain the value of the other variable.\n\n3. Elimination: This method involves adding or subtracting the equations to eliminate one of the variables. Once one variable is eliminated, you can solve for the remaining variable. After finding the value of one variable, you can substitute it back into one of the equations to obtain the value of the other variable.\n\n4. Gaussian elimination: This method involves using row operations to transform the augmented matrix of the system into an equivalent matrix in echelon form. Then, back substitution is used to solve for the variables.\n\n5. Matrix methods: Systems of linear equations can also be solved using matrix methods such as the inverse matrix method or Cramer's rule. These methods involve using matrix algebra to represent and solve the system of equations.\n\nRegardless of the method used, the underlying goal is to find the values of the variables that make all the equations in the system true simultaneously.\n*****QUESTION:***** Does the output contain an explanation for the prediction?", "index": 854}, {"instruction": "What are the common techniques for solving a system of linear equations?", "input": "", "output": "There are several common techniques for solving systems of linear equations, including the following:\n\n1. Graphing: One way to solve a system of linear equations is to graph the equations on the same set of axes and see where they intersect. The x- and y-coordinates of the intersection point are the solutions to the system.\n\n2. Substitution: This method involves solving for one variable in one equation, then substituting that solution into the other equation to solve for the remaining variable. After finding the value of one variable, you can substitute it back into one of the equations to obtain the value of the other variable.\n\n3. Elimination: This method involves adding or subtracting the equations to eliminate one of the variables. Once one variable is eliminated, you can solve for the remaining variable. After finding the value of one variable, you can substitute it back into one of the equations to obtain the value of the other variable.\n\n4. Gaussian elimination: This method involves using row operations to transform the augmented matrix of the system into an equivalent matrix in echelon form. Then, back substitution is used to solve for the variables.\n\n5. Matrix methods: Systems of linear equations can also be solved using matrix methods such as the inverse matrix method or Cramer's rule. These methods involve using matrix algebra to represent and solve the system of equations.\n\nRegardless of the method used, the underlying goal is to find the values of the variables that make all the equations in the system true simultaneously.", "all_data": "*****INSTRUCTION:***** What are the common techniques for solving a system of linear equations?\n\n*****OUTPUT:***** There are several common techniques for solving systems of linear equations, including the following:\n\n1. Graphing: One way to solve a system of linear equations is to graph the equations on the same set of axes and see where they intersect. The x- and y-coordinates of the intersection point are the solutions to the system.\n\n2. Substitution: This method involves solving for one variable in one equation, then substituting that solution into the other equation to solve for the remaining variable. After finding the value of one variable, you can substitute it back into one of the equations to obtain the value of the other variable.\n\n3. Elimination: This method involves adding or subtracting the equations to eliminate one of the variables. Once one variable is eliminated, you can solve for the remaining variable. After finding the value of one variable, you can substitute it back into one of the equations to obtain the value of the other variable.\n\n4. Gaussian elimination: This method involves using row operations to transform the augmented matrix of the system into an equivalent matrix in echelon form. Then, back substitution is used to solve for the variables.\n\n5. Matrix methods: Systems of linear equations can also be solved using matrix methods such as the inverse matrix method or Cramer's rule. These methods involve using matrix algebra to represent and solve the system of equations.\n\nRegardless of the method used, the underlying goal is to find the values of the variables that make all the equations in the system true simultaneously.\n*****QUESTION:***** Would you give an explanation/justify your reasoning if you were asked this question by a friend?", "index": 855}, {"instruction": "What are the common techniques for solving a system of linear equations?", "input": "", "output": "There are several common techniques for solving systems of linear equations, including the following:\n\n1. Graphing: One way to solve a system of linear equations is to graph the equations on the same set of axes and see where they intersect. The x- and y-coordinates of the intersection point are the solutions to the system.\n\n2. Substitution: This method involves solving for one variable in one equation, then substituting that solution into the other equation to solve for the remaining variable. After finding the value of one variable, you can substitute it back into one of the equations to obtain the value of the other variable.\n\n3. Elimination: This method involves adding or subtracting the equations to eliminate one of the variables. Once one variable is eliminated, you can solve for the remaining variable. After finding the value of one variable, you can substitute it back into one of the equations to obtain the value of the other variable.\n\n4. Gaussian elimination: This method involves using row operations to transform the augmented matrix of the system into an equivalent matrix in echelon form. Then, back substitution is used to solve for the variables.\n\n5. Matrix methods: Systems of linear equations can also be solved using matrix methods such as the inverse matrix method or Cramer's rule. These methods involve using matrix algebra to represent and solve the system of equations.\n\nRegardless of the method used, the underlying goal is to find the values of the variables that make all the equations in the system true simultaneously.", "all_data": "*****INSTRUCTION:***** What are the common techniques for solving a system of linear equations?\n\n*****OUTPUT:***** There are several common techniques for solving systems of linear equations, including the following:\n\n1. Graphing: One way to solve a system of linear equations is to graph the equations on the same set of axes and see where they intersect. The x- and y-coordinates of the intersection point are the solutions to the system.\n\n2. Substitution: This method involves solving for one variable in one equation, then substituting that solution into the other equation to solve for the remaining variable. After finding the value of one variable, you can substitute it back into one of the equations to obtain the value of the other variable.\n\n3. Elimination: This method involves adding or subtracting the equations to eliminate one of the variables. Once one variable is eliminated, you can solve for the remaining variable. After finding the value of one variable, you can substitute it back into one of the equations to obtain the value of the other variable.\n\n4. Gaussian elimination: This method involves using row operations to transform the augmented matrix of the system into an equivalent matrix in echelon form. Then, back substitution is used to solve for the variables.\n\n5. Matrix methods: Systems of linear equations can also be solved using matrix methods such as the inverse matrix method or Cramer's rule. These methods involve using matrix algebra to represent and solve the system of equations.\n\nRegardless of the method used, the underlying goal is to find the values of the variables that make all the equations in the system true simultaneously.\n*****QUESTION:***** If there is an explanation: Does the explanation refer to commonsense concepts that are taken as given?", "index": 856}, {"instruction": "What are the common techniques for solving a system of linear equations?", "input": "", "output": "There are several common techniques for solving systems of linear equations, including the following:\n\n1. Graphing: One way to solve a system of linear equations is to graph the equations on the same set of axes and see where they intersect. The x- and y-coordinates of the intersection point are the solutions to the system.\n\n2. Substitution: This method involves solving for one variable in one equation, then substituting that solution into the other equation to solve for the remaining variable. After finding the value of one variable, you can substitute it back into one of the equations to obtain the value of the other variable.\n\n3. Elimination: This method involves adding or subtracting the equations to eliminate one of the variables. Once one variable is eliminated, you can solve for the remaining variable. After finding the value of one variable, you can substitute it back into one of the equations to obtain the value of the other variable.\n\n4. Gaussian elimination: This method involves using row operations to transform the augmented matrix of the system into an equivalent matrix in echelon form. Then, back substitution is used to solve for the variables.\n\n5. Matrix methods: Systems of linear equations can also be solved using matrix methods such as the inverse matrix method or Cramer's rule. These methods involve using matrix algebra to represent and solve the system of equations.\n\nRegardless of the method used, the underlying goal is to find the values of the variables that make all the equations in the system true simultaneously.", "all_data": "*****INSTRUCTION:***** What are the common techniques for solving a system of linear equations?\n\n*****OUTPUT:***** There are several common techniques for solving systems of linear equations, including the following:\n\n1. Graphing: One way to solve a system of linear equations is to graph the equations on the same set of axes and see where they intersect. The x- and y-coordinates of the intersection point are the solutions to the system.\n\n2. Substitution: This method involves solving for one variable in one equation, then substituting that solution into the other equation to solve for the remaining variable. After finding the value of one variable, you can substitute it back into one of the equations to obtain the value of the other variable.\n\n3. Elimination: This method involves adding or subtracting the equations to eliminate one of the variables. Once one variable is eliminated, you can solve for the remaining variable. After finding the value of one variable, you can substitute it back into one of the equations to obtain the value of the other variable.\n\n4. Gaussian elimination: This method involves using row operations to transform the augmented matrix of the system into an equivalent matrix in echelon form. Then, back substitution is used to solve for the variables.\n\n5. Matrix methods: Systems of linear equations can also be solved using matrix methods such as the inverse matrix method or Cramer's rule. These methods involve using matrix algebra to represent and solve the system of equations.\n\nRegardless of the method used, the underlying goal is to find the values of the variables that make all the equations in the system true simultaneously.\n*****QUESTION:***** If there is an explanation: Does the explanation list contributing factors?", "index": 857}, {"instruction": "What are the common techniques for solving a system of linear equations?", "input": "", "output": "There are several common techniques for solving systems of linear equations, including the following:\n\n1. Graphing: One way to solve a system of linear equations is to graph the equations on the same set of axes and see where they intersect. The x- and y-coordinates of the intersection point are the solutions to the system.\n\n2. Substitution: This method involves solving for one variable in one equation, then substituting that solution into the other equation to solve for the remaining variable. After finding the value of one variable, you can substitute it back into one of the equations to obtain the value of the other variable.\n\n3. Elimination: This method involves adding or subtracting the equations to eliminate one of the variables. Once one variable is eliminated, you can solve for the remaining variable. After finding the value of one variable, you can substitute it back into one of the equations to obtain the value of the other variable.\n\n4. Gaussian elimination: This method involves using row operations to transform the augmented matrix of the system into an equivalent matrix in echelon form. Then, back substitution is used to solve for the variables.\n\n5. Matrix methods: Systems of linear equations can also be solved using matrix methods such as the inverse matrix method or Cramer's rule. These methods involve using matrix algebra to represent and solve the system of equations.\n\nRegardless of the method used, the underlying goal is to find the values of the variables that make all the equations in the system true simultaneously.", "all_data": "*****INSTRUCTION:***** What are the common techniques for solving a system of linear equations?\n\n*****OUTPUT:***** There are several common techniques for solving systems of linear equations, including the following:\n\n1. Graphing: One way to solve a system of linear equations is to graph the equations on the same set of axes and see where they intersect. The x- and y-coordinates of the intersection point are the solutions to the system.\n\n2. Substitution: This method involves solving for one variable in one equation, then substituting that solution into the other equation to solve for the remaining variable. After finding the value of one variable, you can substitute it back into one of the equations to obtain the value of the other variable.\n\n3. Elimination: This method involves adding or subtracting the equations to eliminate one of the variables. Once one variable is eliminated, you can solve for the remaining variable. After finding the value of one variable, you can substitute it back into one of the equations to obtain the value of the other variable.\n\n4. Gaussian elimination: This method involves using row operations to transform the augmented matrix of the system into an equivalent matrix in echelon form. Then, back substitution is used to solve for the variables.\n\n5. Matrix methods: Systems of linear equations can also be solved using matrix methods such as the inverse matrix method or Cramer's rule. These methods involve using matrix algebra to represent and solve the system of equations.\n\nRegardless of the method used, the underlying goal is to find the values of the variables that make all the equations in the system true simultaneously.\n*****QUESTION:***** If there is an explanation: Does the explanation include subjective or biased criteria?", "index": 858}, {"instruction": "What are the common techniques for solving a system of linear equations?", "input": "", "output": "There are several common techniques for solving systems of linear equations, including the following:\n\n1. Graphing: One way to solve a system of linear equations is to graph the equations on the same set of axes and see where they intersect. The x- and y-coordinates of the intersection point are the solutions to the system.\n\n2. Substitution: This method involves solving for one variable in one equation, then substituting that solution into the other equation to solve for the remaining variable. After finding the value of one variable, you can substitute it back into one of the equations to obtain the value of the other variable.\n\n3. Elimination: This method involves adding or subtracting the equations to eliminate one of the variables. Once one variable is eliminated, you can solve for the remaining variable. After finding the value of one variable, you can substitute it back into one of the equations to obtain the value of the other variable.\n\n4. Gaussian elimination: This method involves using row operations to transform the augmented matrix of the system into an equivalent matrix in echelon form. Then, back substitution is used to solve for the variables.\n\n5. Matrix methods: Systems of linear equations can also be solved using matrix methods such as the inverse matrix method or Cramer's rule. These methods involve using matrix algebra to represent and solve the system of equations.\n\nRegardless of the method used, the underlying goal is to find the values of the variables that make all the equations in the system true simultaneously.", "all_data": "*****INSTRUCTION:***** What are the common techniques for solving a system of linear equations?\n\n*****OUTPUT:***** There are several common techniques for solving systems of linear equations, including the following:\n\n1. Graphing: One way to solve a system of linear equations is to graph the equations on the same set of axes and see where they intersect. The x- and y-coordinates of the intersection point are the solutions to the system.\n\n2. Substitution: This method involves solving for one variable in one equation, then substituting that solution into the other equation to solve for the remaining variable. After finding the value of one variable, you can substitute it back into one of the equations to obtain the value of the other variable.\n\n3. Elimination: This method involves adding or subtracting the equations to eliminate one of the variables. Once one variable is eliminated, you can solve for the remaining variable. After finding the value of one variable, you can substitute it back into one of the equations to obtain the value of the other variable.\n\n4. Gaussian elimination: This method involves using row operations to transform the augmented matrix of the system into an equivalent matrix in echelon form. Then, back substitution is used to solve for the variables.\n\n5. Matrix methods: Systems of linear equations can also be solved using matrix methods such as the inverse matrix method or Cramer's rule. These methods involve using matrix algebra to represent and solve the system of equations.\n\nRegardless of the method used, the underlying goal is to find the values of the variables that make all the equations in the system true simultaneously.\n*****QUESTION:***** If there is an explanation: Does the explanation include illustrative elements (e.g. examples)?", "index": 859}, {"instruction": "What are the common techniques for solving a system of linear equations?", "input": "", "output": "There are several common techniques for solving systems of linear equations, including the following:\n\n1. Graphing: One way to solve a system of linear equations is to graph the equations on the same set of axes and see where they intersect. The x- and y-coordinates of the intersection point are the solutions to the system.\n\n2. Substitution: This method involves solving for one variable in one equation, then substituting that solution into the other equation to solve for the remaining variable. After finding the value of one variable, you can substitute it back into one of the equations to obtain the value of the other variable.\n\n3. Elimination: This method involves adding or subtracting the equations to eliminate one of the variables. Once one variable is eliminated, you can solve for the remaining variable. After finding the value of one variable, you can substitute it back into one of the equations to obtain the value of the other variable.\n\n4. Gaussian elimination: This method involves using row operations to transform the augmented matrix of the system into an equivalent matrix in echelon form. Then, back substitution is used to solve for the variables.\n\n5. Matrix methods: Systems of linear equations can also be solved using matrix methods such as the inverse matrix method or Cramer's rule. These methods involve using matrix algebra to represent and solve the system of equations.\n\nRegardless of the method used, the underlying goal is to find the values of the variables that make all the equations in the system true simultaneously.", "all_data": "*****INSTRUCTION:***** What are the common techniques for solving a system of linear equations?\n\n*****OUTPUT:***** There are several common techniques for solving systems of linear equations, including the following:\n\n1. Graphing: One way to solve a system of linear equations is to graph the equations on the same set of axes and see where they intersect. The x- and y-coordinates of the intersection point are the solutions to the system.\n\n2. Substitution: This method involves solving for one variable in one equation, then substituting that solution into the other equation to solve for the remaining variable. After finding the value of one variable, you can substitute it back into one of the equations to obtain the value of the other variable.\n\n3. Elimination: This method involves adding or subtracting the equations to eliminate one of the variables. Once one variable is eliminated, you can solve for the remaining variable. After finding the value of one variable, you can substitute it back into one of the equations to obtain the value of the other variable.\n\n4. Gaussian elimination: This method involves using row operations to transform the augmented matrix of the system into an equivalent matrix in echelon form. Then, back substitution is used to solve for the variables.\n\n5. Matrix methods: Systems of linear equations can also be solved using matrix methods such as the inverse matrix method or Cramer's rule. These methods involve using matrix algebra to represent and solve the system of equations.\n\nRegardless of the method used, the underlying goal is to find the values of the variables that make all the equations in the system true simultaneously.\n*****QUESTION:***** If there is an explanation: Is the explanation misleading (e.g. arguing for a label that is wrong)?", "index": 860}, {"instruction": "Generate a list of five items an individual needs to make a snowman.", "input": "", "output": "1. Snow: An obvious and essential component for making a snowman. Ensure the snow is wet and packable.\n\n2. Accessories: Carrots, buttons, scarves, and hats are used to decorate and bring the snowman to life.\n\n3. Shovel: Shoveling the snow into large piles will make it easier to gather and assemble the snowman.\n\n4. Sticks: Sticks can be used either for the snowman's arms or to help support the structure while building.\n\n5. Bucket or Other Round Containers: These can be helpful for shaping the snow into perfect spheres for the body and head of the snowman.", "all_data": "*****INSTRUCTION:***** Generate a list of five items an individual needs to make a snowman.\n\n*****OUTPUT:***** 1. Snow: An obvious and essential component for making a snowman. Ensure the snow is wet and packable.\n\n2. Accessories: Carrots, buttons, scarves, and hats are used to decorate and bring the snowman to life.\n\n3. Shovel: Shoveling the snow into large piles will make it easier to gather and assemble the snowman.\n\n4. Sticks: Sticks can be used either for the snowman's arms or to help support the structure while building.\n\n5. Bucket or Other Round Containers: These can be helpful for shaping the snow into perfect spheres for the body and head of the snowman.\n*****QUESTION:***** Does the output contain an explanation for the prediction?", "index": 861}, {"instruction": "Generate a list of five items an individual needs to make a snowman.", "input": "", "output": "1. Snow: An obvious and essential component for making a snowman. Ensure the snow is wet and packable.\n\n2. Accessories: Carrots, buttons, scarves, and hats are used to decorate and bring the snowman to life.\n\n3. Shovel: Shoveling the snow into large piles will make it easier to gather and assemble the snowman.\n\n4. Sticks: Sticks can be used either for the snowman's arms or to help support the structure while building.\n\n5. Bucket or Other Round Containers: These can be helpful for shaping the snow into perfect spheres for the body and head of the snowman.", "all_data": "*****INSTRUCTION:***** Generate a list of five items an individual needs to make a snowman.\n\n*****OUTPUT:***** 1. Snow: An obvious and essential component for making a snowman. Ensure the snow is wet and packable.\n\n2. Accessories: Carrots, buttons, scarves, and hats are used to decorate and bring the snowman to life.\n\n3. Shovel: Shoveling the snow into large piles will make it easier to gather and assemble the snowman.\n\n4. Sticks: Sticks can be used either for the snowman's arms or to help support the structure while building.\n\n5. Bucket or Other Round Containers: These can be helpful for shaping the snow into perfect spheres for the body and head of the snowman.\n*****QUESTION:***** Would you give an explanation/justify your reasoning if you were asked this question by a friend?", "index": 862}, {"instruction": "Generate a list of five items an individual needs to make a snowman.", "input": "", "output": "1. Snow: An obvious and essential component for making a snowman. Ensure the snow is wet and packable.\n\n2. Accessories: Carrots, buttons, scarves, and hats are used to decorate and bring the snowman to life.\n\n3. Shovel: Shoveling the snow into large piles will make it easier to gather and assemble the snowman.\n\n4. Sticks: Sticks can be used either for the snowman's arms or to help support the structure while building.\n\n5. Bucket or Other Round Containers: These can be helpful for shaping the snow into perfect spheres for the body and head of the snowman.", "all_data": "*****INSTRUCTION:***** Generate a list of five items an individual needs to make a snowman.\n\n*****OUTPUT:***** 1. Snow: An obvious and essential component for making a snowman. Ensure the snow is wet and packable.\n\n2. Accessories: Carrots, buttons, scarves, and hats are used to decorate and bring the snowman to life.\n\n3. Shovel: Shoveling the snow into large piles will make it easier to gather and assemble the snowman.\n\n4. Sticks: Sticks can be used either for the snowman's arms or to help support the structure while building.\n\n5. Bucket or Other Round Containers: These can be helpful for shaping the snow into perfect spheres for the body and head of the snowman.\n*****QUESTION:***** If there is an explanation: Does the explanation refer to commonsense concepts that are taken as given?", "index": 863}, {"instruction": "Generate a list of five items an individual needs to make a snowman.", "input": "", "output": "1. Snow: An obvious and essential component for making a snowman. Ensure the snow is wet and packable.\n\n2. Accessories: Carrots, buttons, scarves, and hats are used to decorate and bring the snowman to life.\n\n3. Shovel: Shoveling the snow into large piles will make it easier to gather and assemble the snowman.\n\n4. Sticks: Sticks can be used either for the snowman's arms or to help support the structure while building.\n\n5. Bucket or Other Round Containers: These can be helpful for shaping the snow into perfect spheres for the body and head of the snowman.", "all_data": "*****INSTRUCTION:***** Generate a list of five items an individual needs to make a snowman.\n\n*****OUTPUT:***** 1. Snow: An obvious and essential component for making a snowman. Ensure the snow is wet and packable.\n\n2. Accessories: Carrots, buttons, scarves, and hats are used to decorate and bring the snowman to life.\n\n3. Shovel: Shoveling the snow into large piles will make it easier to gather and assemble the snowman.\n\n4. Sticks: Sticks can be used either for the snowman's arms or to help support the structure while building.\n\n5. Bucket or Other Round Containers: These can be helpful for shaping the snow into perfect spheres for the body and head of the snowman.\n*****QUESTION:***** If there is an explanation: Does the explanation list contributing factors?", "index": 864}, {"instruction": "Generate a list of five items an individual needs to make a snowman.", "input": "", "output": "1. Snow: An obvious and essential component for making a snowman. Ensure the snow is wet and packable.\n\n2. Accessories: Carrots, buttons, scarves, and hats are used to decorate and bring the snowman to life.\n\n3. Shovel: Shoveling the snow into large piles will make it easier to gather and assemble the snowman.\n\n4. Sticks: Sticks can be used either for the snowman's arms or to help support the structure while building.\n\n5. Bucket or Other Round Containers: These can be helpful for shaping the snow into perfect spheres for the body and head of the snowman.", "all_data": "*****INSTRUCTION:***** Generate a list of five items an individual needs to make a snowman.\n\n*****OUTPUT:***** 1. Snow: An obvious and essential component for making a snowman. Ensure the snow is wet and packable.\n\n2. Accessories: Carrots, buttons, scarves, and hats are used to decorate and bring the snowman to life.\n\n3. Shovel: Shoveling the snow into large piles will make it easier to gather and assemble the snowman.\n\n4. Sticks: Sticks can be used either for the snowman's arms or to help support the structure while building.\n\n5. Bucket or Other Round Containers: These can be helpful for shaping the snow into perfect spheres for the body and head of the snowman.\n*****QUESTION:***** If there is an explanation: Does the explanation include subjective or biased criteria?", "index": 865}, {"instruction": "Generate a list of five items an individual needs to make a snowman.", "input": "", "output": "1. Snow: An obvious and essential component for making a snowman. Ensure the snow is wet and packable.\n\n2. Accessories: Carrots, buttons, scarves, and hats are used to decorate and bring the snowman to life.\n\n3. Shovel: Shoveling the snow into large piles will make it easier to gather and assemble the snowman.\n\n4. Sticks: Sticks can be used either for the snowman's arms or to help support the structure while building.\n\n5. Bucket or Other Round Containers: These can be helpful for shaping the snow into perfect spheres for the body and head of the snowman.", "all_data": "*****INSTRUCTION:***** Generate a list of five items an individual needs to make a snowman.\n\n*****OUTPUT:***** 1. Snow: An obvious and essential component for making a snowman. Ensure the snow is wet and packable.\n\n2. Accessories: Carrots, buttons, scarves, and hats are used to decorate and bring the snowman to life.\n\n3. Shovel: Shoveling the snow into large piles will make it easier to gather and assemble the snowman.\n\n4. Sticks: Sticks can be used either for the snowman's arms or to help support the structure while building.\n\n5. Bucket or Other Round Containers: These can be helpful for shaping the snow into perfect spheres for the body and head of the snowman.\n*****QUESTION:***** If there is an explanation: Does the explanation include illustrative elements (e.g. examples)?", "index": 866}, {"instruction": "Generate a list of five items an individual needs to make a snowman.", "input": "", "output": "1. Snow: An obvious and essential component for making a snowman. Ensure the snow is wet and packable.\n\n2. Accessories: Carrots, buttons, scarves, and hats are used to decorate and bring the snowman to life.\n\n3. Shovel: Shoveling the snow into large piles will make it easier to gather and assemble the snowman.\n\n4. Sticks: Sticks can be used either for the snowman's arms or to help support the structure while building.\n\n5. Bucket or Other Round Containers: These can be helpful for shaping the snow into perfect spheres for the body and head of the snowman.", "all_data": "*****INSTRUCTION:***** Generate a list of five items an individual needs to make a snowman.\n\n*****OUTPUT:***** 1. Snow: An obvious and essential component for making a snowman. Ensure the snow is wet and packable.\n\n2. Accessories: Carrots, buttons, scarves, and hats are used to decorate and bring the snowman to life.\n\n3. Shovel: Shoveling the snow into large piles will make it easier to gather and assemble the snowman.\n\n4. Sticks: Sticks can be used either for the snowman's arms or to help support the structure while building.\n\n5. Bucket or Other Round Containers: These can be helpful for shaping the snow into perfect spheres for the body and head of the snowman.\n*****QUESTION:***** If there is an explanation: Is the explanation misleading (e.g. arguing for a label that is wrong)?", "index": 867}, {"instruction": "Given a table of data, determine if it follows the normal distribution.", "input": "Table:\nScore\tFrequency\n3\t3\n4\t9\n5\t14\n6\t15\n7\t8\n8\t2\n9\t0", "output": "Looking at the frequency distribution of the scores, we can see that the scores form a bell-shaped curve which is symmetric around the mean value of score 6 since the relative frequencies are almost the same going from the mean to the left or right. However, while there is a very close symmetry between the scores to the left and the right of the mean, the frequencies aren't identical, meaning this distribution does not perfectly follow a normal distribution. However, data from real-world samples seldom results in a perfect normal distribution, and we can say that the distribution of scores in the given table appears approximately normal.", "all_data": "*****INSTRUCTION:***** Given a table of data, determine if it follows the normal distribution.\nTable:\nScore\tFrequency\n3\t3\n4\t9\n5\t14\n6\t15\n7\t8\n8\t2\n9\t0\n*****OUTPUT:***** Looking at the frequency distribution of the scores, we can see that the scores form a bell-shaped curve which is symmetric around the mean value of score 6 since the relative frequencies are almost the same going from the mean to the left or right. However, while there is a very close symmetry between the scores to the left and the right of the mean, the frequencies aren't identical, meaning this distribution does not perfectly follow a normal distribution. However, data from real-world samples seldom results in a perfect normal distribution, and we can say that the distribution of scores in the given table appears approximately normal.\n*****QUESTION:***** Does the output contain an explanation for the prediction?", "index": 868}, {"instruction": "Given a table of data, determine if it follows the normal distribution.", "input": "Table:\nScore\tFrequency\n3\t3\n4\t9\n5\t14\n6\t15\n7\t8\n8\t2\n9\t0", "output": "Looking at the frequency distribution of the scores, we can see that the scores form a bell-shaped curve which is symmetric around the mean value of score 6 since the relative frequencies are almost the same going from the mean to the left or right. However, while there is a very close symmetry between the scores to the left and the right of the mean, the frequencies aren't identical, meaning this distribution does not perfectly follow a normal distribution. However, data from real-world samples seldom results in a perfect normal distribution, and we can say that the distribution of scores in the given table appears approximately normal.", "all_data": "*****INSTRUCTION:***** Given a table of data, determine if it follows the normal distribution.\nTable:\nScore\tFrequency\n3\t3\n4\t9\n5\t14\n6\t15\n7\t8\n8\t2\n9\t0\n*****OUTPUT:***** Looking at the frequency distribution of the scores, we can see that the scores form a bell-shaped curve which is symmetric around the mean value of score 6 since the relative frequencies are almost the same going from the mean to the left or right. However, while there is a very close symmetry between the scores to the left and the right of the mean, the frequencies aren't identical, meaning this distribution does not perfectly follow a normal distribution. However, data from real-world samples seldom results in a perfect normal distribution, and we can say that the distribution of scores in the given table appears approximately normal.\n*****QUESTION:***** Would you give an explanation/justify your reasoning if you were asked this question by a friend?", "index": 869}, {"instruction": "Given a table of data, determine if it follows the normal distribution.", "input": "Table:\nScore\tFrequency\n3\t3\n4\t9\n5\t14\n6\t15\n7\t8\n8\t2\n9\t0", "output": "Looking at the frequency distribution of the scores, we can see that the scores form a bell-shaped curve which is symmetric around the mean value of score 6 since the relative frequencies are almost the same going from the mean to the left or right. However, while there is a very close symmetry between the scores to the left and the right of the mean, the frequencies aren't identical, meaning this distribution does not perfectly follow a normal distribution. However, data from real-world samples seldom results in a perfect normal distribution, and we can say that the distribution of scores in the given table appears approximately normal.", "all_data": "*****INSTRUCTION:***** Given a table of data, determine if it follows the normal distribution.\nTable:\nScore\tFrequency\n3\t3\n4\t9\n5\t14\n6\t15\n7\t8\n8\t2\n9\t0\n*****OUTPUT:***** Looking at the frequency distribution of the scores, we can see that the scores form a bell-shaped curve which is symmetric around the mean value of score 6 since the relative frequencies are almost the same going from the mean to the left or right. However, while there is a very close symmetry between the scores to the left and the right of the mean, the frequencies aren't identical, meaning this distribution does not perfectly follow a normal distribution. However, data from real-world samples seldom results in a perfect normal distribution, and we can say that the distribution of scores in the given table appears approximately normal.\n*****QUESTION:***** If there is an explanation: Does the explanation refer to commonsense concepts that are taken as given?", "index": 870}, {"instruction": "Given a table of data, determine if it follows the normal distribution.", "input": "Table:\nScore\tFrequency\n3\t3\n4\t9\n5\t14\n6\t15\n7\t8\n8\t2\n9\t0", "output": "Looking at the frequency distribution of the scores, we can see that the scores form a bell-shaped curve which is symmetric around the mean value of score 6 since the relative frequencies are almost the same going from the mean to the left or right. However, while there is a very close symmetry between the scores to the left and the right of the mean, the frequencies aren't identical, meaning this distribution does not perfectly follow a normal distribution. However, data from real-world samples seldom results in a perfect normal distribution, and we can say that the distribution of scores in the given table appears approximately normal.", "all_data": "*****INSTRUCTION:***** Given a table of data, determine if it follows the normal distribution.\nTable:\nScore\tFrequency\n3\t3\n4\t9\n5\t14\n6\t15\n7\t8\n8\t2\n9\t0\n*****OUTPUT:***** Looking at the frequency distribution of the scores, we can see that the scores form a bell-shaped curve which is symmetric around the mean value of score 6 since the relative frequencies are almost the same going from the mean to the left or right. However, while there is a very close symmetry between the scores to the left and the right of the mean, the frequencies aren't identical, meaning this distribution does not perfectly follow a normal distribution. However, data from real-world samples seldom results in a perfect normal distribution, and we can say that the distribution of scores in the given table appears approximately normal.\n*****QUESTION:***** If there is an explanation: Does the explanation list contributing factors?", "index": 871}, {"instruction": "Given a table of data, determine if it follows the normal distribution.", "input": "Table:\nScore\tFrequency\n3\t3\n4\t9\n5\t14\n6\t15\n7\t8\n8\t2\n9\t0", "output": "Looking at the frequency distribution of the scores, we can see that the scores form a bell-shaped curve which is symmetric around the mean value of score 6 since the relative frequencies are almost the same going from the mean to the left or right. However, while there is a very close symmetry between the scores to the left and the right of the mean, the frequencies aren't identical, meaning this distribution does not perfectly follow a normal distribution. However, data from real-world samples seldom results in a perfect normal distribution, and we can say that the distribution of scores in the given table appears approximately normal.", "all_data": "*****INSTRUCTION:***** Given a table of data, determine if it follows the normal distribution.\nTable:\nScore\tFrequency\n3\t3\n4\t9\n5\t14\n6\t15\n7\t8\n8\t2\n9\t0\n*****OUTPUT:***** Looking at the frequency distribution of the scores, we can see that the scores form a bell-shaped curve which is symmetric around the mean value of score 6 since the relative frequencies are almost the same going from the mean to the left or right. However, while there is a very close symmetry between the scores to the left and the right of the mean, the frequencies aren't identical, meaning this distribution does not perfectly follow a normal distribution. However, data from real-world samples seldom results in a perfect normal distribution, and we can say that the distribution of scores in the given table appears approximately normal.\n*****QUESTION:***** If there is an explanation: Does the explanation include subjective or biased criteria?", "index": 872}, {"instruction": "Given a table of data, determine if it follows the normal distribution.", "input": "Table:\nScore\tFrequency\n3\t3\n4\t9\n5\t14\n6\t15\n7\t8\n8\t2\n9\t0", "output": "Looking at the frequency distribution of the scores, we can see that the scores form a bell-shaped curve which is symmetric around the mean value of score 6 since the relative frequencies are almost the same going from the mean to the left or right. However, while there is a very close symmetry between the scores to the left and the right of the mean, the frequencies aren't identical, meaning this distribution does not perfectly follow a normal distribution. However, data from real-world samples seldom results in a perfect normal distribution, and we can say that the distribution of scores in the given table appears approximately normal.", "all_data": "*****INSTRUCTION:***** Given a table of data, determine if it follows the normal distribution.\nTable:\nScore\tFrequency\n3\t3\n4\t9\n5\t14\n6\t15\n7\t8\n8\t2\n9\t0\n*****OUTPUT:***** Looking at the frequency distribution of the scores, we can see that the scores form a bell-shaped curve which is symmetric around the mean value of score 6 since the relative frequencies are almost the same going from the mean to the left or right. However, while there is a very close symmetry between the scores to the left and the right of the mean, the frequencies aren't identical, meaning this distribution does not perfectly follow a normal distribution. However, data from real-world samples seldom results in a perfect normal distribution, and we can say that the distribution of scores in the given table appears approximately normal.\n*****QUESTION:***** If there is an explanation: Does the explanation include illustrative elements (e.g. examples)?", "index": 873}, {"instruction": "Given a table of data, determine if it follows the normal distribution.", "input": "Table:\nScore\tFrequency\n3\t3\n4\t9\n5\t14\n6\t15\n7\t8\n8\t2\n9\t0", "output": "Looking at the frequency distribution of the scores, we can see that the scores form a bell-shaped curve which is symmetric around the mean value of score 6 since the relative frequencies are almost the same going from the mean to the left or right. However, while there is a very close symmetry between the scores to the left and the right of the mean, the frequencies aren't identical, meaning this distribution does not perfectly follow a normal distribution. However, data from real-world samples seldom results in a perfect normal distribution, and we can say that the distribution of scores in the given table appears approximately normal.", "all_data": "*****INSTRUCTION:***** Given a table of data, determine if it follows the normal distribution.\nTable:\nScore\tFrequency\n3\t3\n4\t9\n5\t14\n6\t15\n7\t8\n8\t2\n9\t0\n*****OUTPUT:***** Looking at the frequency distribution of the scores, we can see that the scores form a bell-shaped curve which is symmetric around the mean value of score 6 since the relative frequencies are almost the same going from the mean to the left or right. However, while there is a very close symmetry between the scores to the left and the right of the mean, the frequencies aren't identical, meaning this distribution does not perfectly follow a normal distribution. However, data from real-world samples seldom results in a perfect normal distribution, and we can say that the distribution of scores in the given table appears approximately normal.\n*****QUESTION:***** If there is an explanation: Is the explanation misleading (e.g. arguing for a label that is wrong)?", "index": 874}, {"instruction": "How would you grade this writing?", "input": "Writing: The Apple iPhone XS Max is one of the best phones on the market today. The most impressive aspect of this device is the strong processor that allows applications to run fast and smooth. The phone also has an excellent camera that produces outstanding images.", "output": "As an AI, I do not have the ability to grade writings, which depends on the grading criteria and personal perspectives. However, I could provide some feedback based on certain writing principles such as grammar, coherence, and accuracy of information.\n\nFrom a cursory review, the writing is coherent and easy to understand with a clear message about the positive features of the Apple iPhone XS Max. The writer highlights some of the key features of the phone, such as a fast processor and a good camera. Grammatically, the writing is error-free and sentence structure is well-constructed. However, the writer could provide more specific details or evidences to support the claims, such as how fast the processor is or how well the camera performs under different conditions.", "all_data": "*****INSTRUCTION:***** How would you grade this writing?\nWriting: The Apple iPhone XS Max is one of the best phones on the market today. The most impressive aspect of this device is the strong processor that allows applications to run fast and smooth. The phone also has an excellent camera that produces outstanding images.\n*****OUTPUT:***** As an AI, I do not have the ability to grade writings, which depends on the grading criteria and personal perspectives. However, I could provide some feedback based on certain writing principles such as grammar, coherence, and accuracy of information.\n\nFrom a cursory review, the writing is coherent and easy to understand with a clear message about the positive features of the Apple iPhone XS Max. The writer highlights some of the key features of the phone, such as a fast processor and a good camera. Grammatically, the writing is error-free and sentence structure is well-constructed. However, the writer could provide more specific details or evidences to support the claims, such as how fast the processor is or how well the camera performs under different conditions.\n*****QUESTION:***** Does the output contain an explanation for the prediction?", "index": 875}, {"instruction": "How would you grade this writing?", "input": "Writing: The Apple iPhone XS Max is one of the best phones on the market today. The most impressive aspect of this device is the strong processor that allows applications to run fast and smooth. The phone also has an excellent camera that produces outstanding images.", "output": "As an AI, I do not have the ability to grade writings, which depends on the grading criteria and personal perspectives. However, I could provide some feedback based on certain writing principles such as grammar, coherence, and accuracy of information.\n\nFrom a cursory review, the writing is coherent and easy to understand with a clear message about the positive features of the Apple iPhone XS Max. The writer highlights some of the key features of the phone, such as a fast processor and a good camera. Grammatically, the writing is error-free and sentence structure is well-constructed. However, the writer could provide more specific details or evidences to support the claims, such as how fast the processor is or how well the camera performs under different conditions.", "all_data": "*****INSTRUCTION:***** How would you grade this writing?\nWriting: The Apple iPhone XS Max is one of the best phones on the market today. The most impressive aspect of this device is the strong processor that allows applications to run fast and smooth. The phone also has an excellent camera that produces outstanding images.\n*****OUTPUT:***** As an AI, I do not have the ability to grade writings, which depends on the grading criteria and personal perspectives. However, I could provide some feedback based on certain writing principles such as grammar, coherence, and accuracy of information.\n\nFrom a cursory review, the writing is coherent and easy to understand with a clear message about the positive features of the Apple iPhone XS Max. The writer highlights some of the key features of the phone, such as a fast processor and a good camera. Grammatically, the writing is error-free and sentence structure is well-constructed. However, the writer could provide more specific details or evidences to support the claims, such as how fast the processor is or how well the camera performs under different conditions.\n*****QUESTION:***** Would you give an explanation/justify your reasoning if you were asked this question by a friend?", "index": 876}, {"instruction": "How would you grade this writing?", "input": "Writing: The Apple iPhone XS Max is one of the best phones on the market today. The most impressive aspect of this device is the strong processor that allows applications to run fast and smooth. The phone also has an excellent camera that produces outstanding images.", "output": "As an AI, I do not have the ability to grade writings, which depends on the grading criteria and personal perspectives. However, I could provide some feedback based on certain writing principles such as grammar, coherence, and accuracy of information.\n\nFrom a cursory review, the writing is coherent and easy to understand with a clear message about the positive features of the Apple iPhone XS Max. The writer highlights some of the key features of the phone, such as a fast processor and a good camera. Grammatically, the writing is error-free and sentence structure is well-constructed. However, the writer could provide more specific details or evidences to support the claims, such as how fast the processor is or how well the camera performs under different conditions.", "all_data": "*****INSTRUCTION:***** How would you grade this writing?\nWriting: The Apple iPhone XS Max is one of the best phones on the market today. The most impressive aspect of this device is the strong processor that allows applications to run fast and smooth. The phone also has an excellent camera that produces outstanding images.\n*****OUTPUT:***** As an AI, I do not have the ability to grade writings, which depends on the grading criteria and personal perspectives. However, I could provide some feedback based on certain writing principles such as grammar, coherence, and accuracy of information.\n\nFrom a cursory review, the writing is coherent and easy to understand with a clear message about the positive features of the Apple iPhone XS Max. The writer highlights some of the key features of the phone, such as a fast processor and a good camera. Grammatically, the writing is error-free and sentence structure is well-constructed. However, the writer could provide more specific details or evidences to support the claims, such as how fast the processor is or how well the camera performs under different conditions.\n*****QUESTION:***** If there is an explanation: Does the explanation refer to commonsense concepts that are taken as given?", "index": 877}, {"instruction": "How would you grade this writing?", "input": "Writing: The Apple iPhone XS Max is one of the best phones on the market today. The most impressive aspect of this device is the strong processor that allows applications to run fast and smooth. The phone also has an excellent camera that produces outstanding images.", "output": "As an AI, I do not have the ability to grade writings, which depends on the grading criteria and personal perspectives. However, I could provide some feedback based on certain writing principles such as grammar, coherence, and accuracy of information.\n\nFrom a cursory review, the writing is coherent and easy to understand with a clear message about the positive features of the Apple iPhone XS Max. The writer highlights some of the key features of the phone, such as a fast processor and a good camera. Grammatically, the writing is error-free and sentence structure is well-constructed. However, the writer could provide more specific details or evidences to support the claims, such as how fast the processor is or how well the camera performs under different conditions.", "all_data": "*****INSTRUCTION:***** How would you grade this writing?\nWriting: The Apple iPhone XS Max is one of the best phones on the market today. The most impressive aspect of this device is the strong processor that allows applications to run fast and smooth. The phone also has an excellent camera that produces outstanding images.\n*****OUTPUT:***** As an AI, I do not have the ability to grade writings, which depends on the grading criteria and personal perspectives. However, I could provide some feedback based on certain writing principles such as grammar, coherence, and accuracy of information.\n\nFrom a cursory review, the writing is coherent and easy to understand with a clear message about the positive features of the Apple iPhone XS Max. The writer highlights some of the key features of the phone, such as a fast processor and a good camera. Grammatically, the writing is error-free and sentence structure is well-constructed. However, the writer could provide more specific details or evidences to support the claims, such as how fast the processor is or how well the camera performs under different conditions.\n*****QUESTION:***** If there is an explanation: Does the explanation list contributing factors?", "index": 878}, {"instruction": "How would you grade this writing?", "input": "Writing: The Apple iPhone XS Max is one of the best phones on the market today. The most impressive aspect of this device is the strong processor that allows applications to run fast and smooth. The phone also has an excellent camera that produces outstanding images.", "output": "As an AI, I do not have the ability to grade writings, which depends on the grading criteria and personal perspectives. However, I could provide some feedback based on certain writing principles such as grammar, coherence, and accuracy of information.\n\nFrom a cursory review, the writing is coherent and easy to understand with a clear message about the positive features of the Apple iPhone XS Max. The writer highlights some of the key features of the phone, such as a fast processor and a good camera. Grammatically, the writing is error-free and sentence structure is well-constructed. However, the writer could provide more specific details or evidences to support the claims, such as how fast the processor is or how well the camera performs under different conditions.", "all_data": "*****INSTRUCTION:***** How would you grade this writing?\nWriting: The Apple iPhone XS Max is one of the best phones on the market today. The most impressive aspect of this device is the strong processor that allows applications to run fast and smooth. The phone also has an excellent camera that produces outstanding images.\n*****OUTPUT:***** As an AI, I do not have the ability to grade writings, which depends on the grading criteria and personal perspectives. However, I could provide some feedback based on certain writing principles such as grammar, coherence, and accuracy of information.\n\nFrom a cursory review, the writing is coherent and easy to understand with a clear message about the positive features of the Apple iPhone XS Max. The writer highlights some of the key features of the phone, such as a fast processor and a good camera. Grammatically, the writing is error-free and sentence structure is well-constructed. However, the writer could provide more specific details or evidences to support the claims, such as how fast the processor is or how well the camera performs under different conditions.\n*****QUESTION:***** If there is an explanation: Does the explanation include subjective or biased criteria?", "index": 879}, {"instruction": "How would you grade this writing?", "input": "Writing: The Apple iPhone XS Max is one of the best phones on the market today. The most impressive aspect of this device is the strong processor that allows applications to run fast and smooth. The phone also has an excellent camera that produces outstanding images.", "output": "As an AI, I do not have the ability to grade writings, which depends on the grading criteria and personal perspectives. However, I could provide some feedback based on certain writing principles such as grammar, coherence, and accuracy of information.\n\nFrom a cursory review, the writing is coherent and easy to understand with a clear message about the positive features of the Apple iPhone XS Max. The writer highlights some of the key features of the phone, such as a fast processor and a good camera. Grammatically, the writing is error-free and sentence structure is well-constructed. However, the writer could provide more specific details or evidences to support the claims, such as how fast the processor is or how well the camera performs under different conditions.", "all_data": "*****INSTRUCTION:***** How would you grade this writing?\nWriting: The Apple iPhone XS Max is one of the best phones on the market today. The most impressive aspect of this device is the strong processor that allows applications to run fast and smooth. The phone also has an excellent camera that produces outstanding images.\n*****OUTPUT:***** As an AI, I do not have the ability to grade writings, which depends on the grading criteria and personal perspectives. However, I could provide some feedback based on certain writing principles such as grammar, coherence, and accuracy of information.\n\nFrom a cursory review, the writing is coherent and easy to understand with a clear message about the positive features of the Apple iPhone XS Max. The writer highlights some of the key features of the phone, such as a fast processor and a good camera. Grammatically, the writing is error-free and sentence structure is well-constructed. However, the writer could provide more specific details or evidences to support the claims, such as how fast the processor is or how well the camera performs under different conditions.\n*****QUESTION:***** If there is an explanation: Does the explanation include illustrative elements (e.g. examples)?", "index": 880}, {"instruction": "How would you grade this writing?", "input": "Writing: The Apple iPhone XS Max is one of the best phones on the market today. The most impressive aspect of this device is the strong processor that allows applications to run fast and smooth. The phone also has an excellent camera that produces outstanding images.", "output": "As an AI, I do not have the ability to grade writings, which depends on the grading criteria and personal perspectives. However, I could provide some feedback based on certain writing principles such as grammar, coherence, and accuracy of information.\n\nFrom a cursory review, the writing is coherent and easy to understand with a clear message about the positive features of the Apple iPhone XS Max. The writer highlights some of the key features of the phone, such as a fast processor and a good camera. Grammatically, the writing is error-free and sentence structure is well-constructed. However, the writer could provide more specific details or evidences to support the claims, such as how fast the processor is or how well the camera performs under different conditions.", "all_data": "*****INSTRUCTION:***** How would you grade this writing?\nWriting: The Apple iPhone XS Max is one of the best phones on the market today. The most impressive aspect of this device is the strong processor that allows applications to run fast and smooth. The phone also has an excellent camera that produces outstanding images.\n*****OUTPUT:***** As an AI, I do not have the ability to grade writings, which depends on the grading criteria and personal perspectives. However, I could provide some feedback based on certain writing principles such as grammar, coherence, and accuracy of information.\n\nFrom a cursory review, the writing is coherent and easy to understand with a clear message about the positive features of the Apple iPhone XS Max. The writer highlights some of the key features of the phone, such as a fast processor and a good camera. Grammatically, the writing is error-free and sentence structure is well-constructed. However, the writer could provide more specific details or evidences to support the claims, such as how fast the processor is or how well the camera performs under different conditions.\n*****QUESTION:***** If there is an explanation: Is the explanation misleading (e.g. arguing for a label that is wrong)?", "index": 881}, {"instruction": "Convert the following octal number 560 to its binary form.", "input": "", "output": "An octal number can be converted to binary by expressing each of its digits in binary form.  Each octal digit can be represented using three bits in binary form. So, the octal number 560 can be converted to binary by converting each of its digits to their 3-bit binary equivalent as shown below:\n\n5 in octal = 101 in binary\n6 in octal = 110 in binary\n0 in octal = 000 in binary\n\nAs such, the octal number 560 can be expressed in binary form by combining the binary equivalents of its digits 560 = 101 110 000 \n\nThe binary representation of the octal number 560 is 101110000.", "all_data": "*****INSTRUCTION:***** Convert the following octal number 560 to its binary form.\n\n*****OUTPUT:***** An octal number can be converted to binary by expressing each of its digits in binary form.  Each octal digit can be represented using three bits in binary form. So, the octal number 560 can be converted to binary by converting each of its digits to their 3-bit binary equivalent as shown below:\n\n5 in octal = 101 in binary\n6 in octal = 110 in binary\n0 in octal = 000 in binary\n\nAs such, the octal number 560 can be expressed in binary form by combining the binary equivalents of its digits 560 = 101 110 000 \n\nThe binary representation of the octal number 560 is 101110000.\n*****QUESTION:***** Does the output contain an explanation for the prediction?", "index": 882}, {"instruction": "Convert the following octal number 560 to its binary form.", "input": "", "output": "An octal number can be converted to binary by expressing each of its digits in binary form.  Each octal digit can be represented using three bits in binary form. So, the octal number 560 can be converted to binary by converting each of its digits to their 3-bit binary equivalent as shown below:\n\n5 in octal = 101 in binary\n6 in octal = 110 in binary\n0 in octal = 000 in binary\n\nAs such, the octal number 560 can be expressed in binary form by combining the binary equivalents of its digits 560 = 101 110 000 \n\nThe binary representation of the octal number 560 is 101110000.", "all_data": "*****INSTRUCTION:***** Convert the following octal number 560 to its binary form.\n\n*****OUTPUT:***** An octal number can be converted to binary by expressing each of its digits in binary form.  Each octal digit can be represented using three bits in binary form. So, the octal number 560 can be converted to binary by converting each of its digits to their 3-bit binary equivalent as shown below:\n\n5 in octal = 101 in binary\n6 in octal = 110 in binary\n0 in octal = 000 in binary\n\nAs such, the octal number 560 can be expressed in binary form by combining the binary equivalents of its digits 560 = 101 110 000 \n\nThe binary representation of the octal number 560 is 101110000.\n*****QUESTION:***** Would you give an explanation/justify your reasoning if you were asked this question by a friend?", "index": 883}, {"instruction": "Convert the following octal number 560 to its binary form.", "input": "", "output": "An octal number can be converted to binary by expressing each of its digits in binary form.  Each octal digit can be represented using three bits in binary form. So, the octal number 560 can be converted to binary by converting each of its digits to their 3-bit binary equivalent as shown below:\n\n5 in octal = 101 in binary\n6 in octal = 110 in binary\n0 in octal = 000 in binary\n\nAs such, the octal number 560 can be expressed in binary form by combining the binary equivalents of its digits 560 = 101 110 000 \n\nThe binary representation of the octal number 560 is 101110000.", "all_data": "*****INSTRUCTION:***** Convert the following octal number 560 to its binary form.\n\n*****OUTPUT:***** An octal number can be converted to binary by expressing each of its digits in binary form.  Each octal digit can be represented using three bits in binary form. So, the octal number 560 can be converted to binary by converting each of its digits to their 3-bit binary equivalent as shown below:\n\n5 in octal = 101 in binary\n6 in octal = 110 in binary\n0 in octal = 000 in binary\n\nAs such, the octal number 560 can be expressed in binary form by combining the binary equivalents of its digits 560 = 101 110 000 \n\nThe binary representation of the octal number 560 is 101110000.\n*****QUESTION:***** If there is an explanation: Does the explanation refer to commonsense concepts that are taken as given?", "index": 884}, {"instruction": "Convert the following octal number 560 to its binary form.", "input": "", "output": "An octal number can be converted to binary by expressing each of its digits in binary form.  Each octal digit can be represented using three bits in binary form. So, the octal number 560 can be converted to binary by converting each of its digits to their 3-bit binary equivalent as shown below:\n\n5 in octal = 101 in binary\n6 in octal = 110 in binary\n0 in octal = 000 in binary\n\nAs such, the octal number 560 can be expressed in binary form by combining the binary equivalents of its digits 560 = 101 110 000 \n\nThe binary representation of the octal number 560 is 101110000.", "all_data": "*****INSTRUCTION:***** Convert the following octal number 560 to its binary form.\n\n*****OUTPUT:***** An octal number can be converted to binary by expressing each of its digits in binary form.  Each octal digit can be represented using three bits in binary form. So, the octal number 560 can be converted to binary by converting each of its digits to their 3-bit binary equivalent as shown below:\n\n5 in octal = 101 in binary\n6 in octal = 110 in binary\n0 in octal = 000 in binary\n\nAs such, the octal number 560 can be expressed in binary form by combining the binary equivalents of its digits 560 = 101 110 000 \n\nThe binary representation of the octal number 560 is 101110000.\n*****QUESTION:***** If there is an explanation: Does the explanation list contributing factors?", "index": 885}, {"instruction": "Convert the following octal number 560 to its binary form.", "input": "", "output": "An octal number can be converted to binary by expressing each of its digits in binary form.  Each octal digit can be represented using three bits in binary form. So, the octal number 560 can be converted to binary by converting each of its digits to their 3-bit binary equivalent as shown below:\n\n5 in octal = 101 in binary\n6 in octal = 110 in binary\n0 in octal = 000 in binary\n\nAs such, the octal number 560 can be expressed in binary form by combining the binary equivalents of its digits 560 = 101 110 000 \n\nThe binary representation of the octal number 560 is 101110000.", "all_data": "*****INSTRUCTION:***** Convert the following octal number 560 to its binary form.\n\n*****OUTPUT:***** An octal number can be converted to binary by expressing each of its digits in binary form.  Each octal digit can be represented using three bits in binary form. So, the octal number 560 can be converted to binary by converting each of its digits to their 3-bit binary equivalent as shown below:\n\n5 in octal = 101 in binary\n6 in octal = 110 in binary\n0 in octal = 000 in binary\n\nAs such, the octal number 560 can be expressed in binary form by combining the binary equivalents of its digits 560 = 101 110 000 \n\nThe binary representation of the octal number 560 is 101110000.\n*****QUESTION:***** If there is an explanation: Does the explanation include subjective or biased criteria?", "index": 886}, {"instruction": "Convert the following octal number 560 to its binary form.", "input": "", "output": "An octal number can be converted to binary by expressing each of its digits in binary form.  Each octal digit can be represented using three bits in binary form. So, the octal number 560 can be converted to binary by converting each of its digits to their 3-bit binary equivalent as shown below:\n\n5 in octal = 101 in binary\n6 in octal = 110 in binary\n0 in octal = 000 in binary\n\nAs such, the octal number 560 can be expressed in binary form by combining the binary equivalents of its digits 560 = 101 110 000 \n\nThe binary representation of the octal number 560 is 101110000.", "all_data": "*****INSTRUCTION:***** Convert the following octal number 560 to its binary form.\n\n*****OUTPUT:***** An octal number can be converted to binary by expressing each of its digits in binary form.  Each octal digit can be represented using three bits in binary form. So, the octal number 560 can be converted to binary by converting each of its digits to their 3-bit binary equivalent as shown below:\n\n5 in octal = 101 in binary\n6 in octal = 110 in binary\n0 in octal = 000 in binary\n\nAs such, the octal number 560 can be expressed in binary form by combining the binary equivalents of its digits 560 = 101 110 000 \n\nThe binary representation of the octal number 560 is 101110000.\n*****QUESTION:***** If there is an explanation: Does the explanation include illustrative elements (e.g. examples)?", "index": 887}, {"instruction": "Convert the following octal number 560 to its binary form.", "input": "", "output": "An octal number can be converted to binary by expressing each of its digits in binary form.  Each octal digit can be represented using three bits in binary form. So, the octal number 560 can be converted to binary by converting each of its digits to their 3-bit binary equivalent as shown below:\n\n5 in octal = 101 in binary\n6 in octal = 110 in binary\n0 in octal = 000 in binary\n\nAs such, the octal number 560 can be expressed in binary form by combining the binary equivalents of its digits 560 = 101 110 000 \n\nThe binary representation of the octal number 560 is 101110000.", "all_data": "*****INSTRUCTION:***** Convert the following octal number 560 to its binary form.\n\n*****OUTPUT:***** An octal number can be converted to binary by expressing each of its digits in binary form.  Each octal digit can be represented using three bits in binary form. So, the octal number 560 can be converted to binary by converting each of its digits to their 3-bit binary equivalent as shown below:\n\n5 in octal = 101 in binary\n6 in octal = 110 in binary\n0 in octal = 000 in binary\n\nAs such, the octal number 560 can be expressed in binary form by combining the binary equivalents of its digits 560 = 101 110 000 \n\nThe binary representation of the octal number 560 is 101110000.\n*****QUESTION:***** If there is an explanation: Is the explanation misleading (e.g. arguing for a label that is wrong)?", "index": 888}, {"instruction": "Create a Python function to classify books according to genre.", "input": "def classify_books(book):", "output": "Here is one example of a function that classifies books according to genre:\n\n```\ndef classify_books(book: str) -> str:\n    \"\"\"\n    Classifies books according to genre.\n    \n    Parameters:\n        book (str): a string describing the book.\n    \n    Returns:\n        str: the genre of the book.\n    \"\"\"\n    genres = {'fantasy': ['magic', 'dragon', 'elf', 'orc', 'wizard', 'sword', 'dwarf'],\n              'romance': ['love', 'relationship', 'kiss', 'affair', 'romantic'],\n              'thriller': ['mystery', 'crime', 'suspense', 'detective', 'murder', 'killer'],\n              'science fiction': ['space', 'future', 'alien', 'robot', 'technology', 'time travel']}\n    \n    book = book.lower()\n    \n    for genre, keywords in genres.items():\n        count = 0\n        for keyword in keywords:\n            if keyword in book:\n                count += 1\n        if count >= 2:\n            return genre\n    return 'unknown'\n```\n\nThis function takes in a `book` parameter, which is a string describing the book. The function uses a dictionary to store the genres and their associated keywords. The function then converts the book description to lower case and checks if any of the genre keywords appear in the book description. If more than 2 keywords for a specific genre are found in the book description, the function returns that genre. If no genre is identified, the function returns `'unknown'`.", "all_data": "*****INSTRUCTION:***** Create a Python function to classify books according to genre.\ndef classify_books(book):\n*****OUTPUT:***** Here is one example of a function that classifies books according to genre:\n\n```\ndef classify_books(book: str) -> str:\n    \"\"\"\n    Classifies books according to genre.\n    \n    Parameters:\n        book (str): a string describing the book.\n    \n    Returns:\n        str: the genre of the book.\n    \"\"\"\n    genres = {'fantasy': ['magic', 'dragon', 'elf', 'orc', 'wizard', 'sword', 'dwarf'],\n              'romance': ['love', 'relationship', 'kiss', 'affair', 'romantic'],\n              'thriller': ['mystery', 'crime', 'suspense', 'detective', 'murder', 'killer'],\n              'science fiction': ['space', 'future', 'alien', 'robot', 'technology', 'time travel']}\n    \n    book = book.lower()\n    \n    for genre, keywords in genres.items():\n        count = 0\n        for keyword in keywords:\n            if keyword in book:\n                count += 1\n        if count >= 2:\n            return genre\n    return 'unknown'\n```\n\nThis function takes in a `book` parameter, which is a string describing the book. The function uses a dictionary to store the genres and their associated keywords. The function then converts the book description to lower case and checks if any of the genre keywords appear in the book description. If more than 2 keywords for a specific genre are found in the book description, the function returns that genre. If no genre is identified, the function returns `'unknown'`.\n*****QUESTION:***** Does the output contain an explanation for the prediction?", "index": 889}, {"instruction": "Create a Python function to classify books according to genre.", "input": "def classify_books(book):", "output": "Here is one example of a function that classifies books according to genre:\n\n```\ndef classify_books(book: str) -> str:\n    \"\"\"\n    Classifies books according to genre.\n    \n    Parameters:\n        book (str): a string describing the book.\n    \n    Returns:\n        str: the genre of the book.\n    \"\"\"\n    genres = {'fantasy': ['magic', 'dragon', 'elf', 'orc', 'wizard', 'sword', 'dwarf'],\n              'romance': ['love', 'relationship', 'kiss', 'affair', 'romantic'],\n              'thriller': ['mystery', 'crime', 'suspense', 'detective', 'murder', 'killer'],\n              'science fiction': ['space', 'future', 'alien', 'robot', 'technology', 'time travel']}\n    \n    book = book.lower()\n    \n    for genre, keywords in genres.items():\n        count = 0\n        for keyword in keywords:\n            if keyword in book:\n                count += 1\n        if count >= 2:\n            return genre\n    return 'unknown'\n```\n\nThis function takes in a `book` parameter, which is a string describing the book. The function uses a dictionary to store the genres and their associated keywords. The function then converts the book description to lower case and checks if any of the genre keywords appear in the book description. If more than 2 keywords for a specific genre are found in the book description, the function returns that genre. If no genre is identified, the function returns `'unknown'`.", "all_data": "*****INSTRUCTION:***** Create a Python function to classify books according to genre.\ndef classify_books(book):\n*****OUTPUT:***** Here is one example of a function that classifies books according to genre:\n\n```\ndef classify_books(book: str) -> str:\n    \"\"\"\n    Classifies books according to genre.\n    \n    Parameters:\n        book (str): a string describing the book.\n    \n    Returns:\n        str: the genre of the book.\n    \"\"\"\n    genres = {'fantasy': ['magic', 'dragon', 'elf', 'orc', 'wizard', 'sword', 'dwarf'],\n              'romance': ['love', 'relationship', 'kiss', 'affair', 'romantic'],\n              'thriller': ['mystery', 'crime', 'suspense', 'detective', 'murder', 'killer'],\n              'science fiction': ['space', 'future', 'alien', 'robot', 'technology', 'time travel']}\n    \n    book = book.lower()\n    \n    for genre, keywords in genres.items():\n        count = 0\n        for keyword in keywords:\n            if keyword in book:\n                count += 1\n        if count >= 2:\n            return genre\n    return 'unknown'\n```\n\nThis function takes in a `book` parameter, which is a string describing the book. The function uses a dictionary to store the genres and their associated keywords. The function then converts the book description to lower case and checks if any of the genre keywords appear in the book description. If more than 2 keywords for a specific genre are found in the book description, the function returns that genre. If no genre is identified, the function returns `'unknown'`.\n*****QUESTION:***** Would you give an explanation/justify your reasoning if you were asked this question by a friend?", "index": 890}, {"instruction": "Create a Python function to classify books according to genre.", "input": "def classify_books(book):", "output": "Here is one example of a function that classifies books according to genre:\n\n```\ndef classify_books(book: str) -> str:\n    \"\"\"\n    Classifies books according to genre.\n    \n    Parameters:\n        book (str): a string describing the book.\n    \n    Returns:\n        str: the genre of the book.\n    \"\"\"\n    genres = {'fantasy': ['magic', 'dragon', 'elf', 'orc', 'wizard', 'sword', 'dwarf'],\n              'romance': ['love', 'relationship', 'kiss', 'affair', 'romantic'],\n              'thriller': ['mystery', 'crime', 'suspense', 'detective', 'murder', 'killer'],\n              'science fiction': ['space', 'future', 'alien', 'robot', 'technology', 'time travel']}\n    \n    book = book.lower()\n    \n    for genre, keywords in genres.items():\n        count = 0\n        for keyword in keywords:\n            if keyword in book:\n                count += 1\n        if count >= 2:\n            return genre\n    return 'unknown'\n```\n\nThis function takes in a `book` parameter, which is a string describing the book. The function uses a dictionary to store the genres and their associated keywords. The function then converts the book description to lower case and checks if any of the genre keywords appear in the book description. If more than 2 keywords for a specific genre are found in the book description, the function returns that genre. If no genre is identified, the function returns `'unknown'`.", "all_data": "*****INSTRUCTION:***** Create a Python function to classify books according to genre.\ndef classify_books(book):\n*****OUTPUT:***** Here is one example of a function that classifies books according to genre:\n\n```\ndef classify_books(book: str) -> str:\n    \"\"\"\n    Classifies books according to genre.\n    \n    Parameters:\n        book (str): a string describing the book.\n    \n    Returns:\n        str: the genre of the book.\n    \"\"\"\n    genres = {'fantasy': ['magic', 'dragon', 'elf', 'orc', 'wizard', 'sword', 'dwarf'],\n              'romance': ['love', 'relationship', 'kiss', 'affair', 'romantic'],\n              'thriller': ['mystery', 'crime', 'suspense', 'detective', 'murder', 'killer'],\n              'science fiction': ['space', 'future', 'alien', 'robot', 'technology', 'time travel']}\n    \n    book = book.lower()\n    \n    for genre, keywords in genres.items():\n        count = 0\n        for keyword in keywords:\n            if keyword in book:\n                count += 1\n        if count >= 2:\n            return genre\n    return 'unknown'\n```\n\nThis function takes in a `book` parameter, which is a string describing the book. The function uses a dictionary to store the genres and their associated keywords. The function then converts the book description to lower case and checks if any of the genre keywords appear in the book description. If more than 2 keywords for a specific genre are found in the book description, the function returns that genre. If no genre is identified, the function returns `'unknown'`.\n*****QUESTION:***** If there is an explanation: Does the explanation refer to commonsense concepts that are taken as given?", "index": 891}, {"instruction": "Create a Python function to classify books according to genre.", "input": "def classify_books(book):", "output": "Here is one example of a function that classifies books according to genre:\n\n```\ndef classify_books(book: str) -> str:\n    \"\"\"\n    Classifies books according to genre.\n    \n    Parameters:\n        book (str): a string describing the book.\n    \n    Returns:\n        str: the genre of the book.\n    \"\"\"\n    genres = {'fantasy': ['magic', 'dragon', 'elf', 'orc', 'wizard', 'sword', 'dwarf'],\n              'romance': ['love', 'relationship', 'kiss', 'affair', 'romantic'],\n              'thriller': ['mystery', 'crime', 'suspense', 'detective', 'murder', 'killer'],\n              'science fiction': ['space', 'future', 'alien', 'robot', 'technology', 'time travel']}\n    \n    book = book.lower()\n    \n    for genre, keywords in genres.items():\n        count = 0\n        for keyword in keywords:\n            if keyword in book:\n                count += 1\n        if count >= 2:\n            return genre\n    return 'unknown'\n```\n\nThis function takes in a `book` parameter, which is a string describing the book. The function uses a dictionary to store the genres and their associated keywords. The function then converts the book description to lower case and checks if any of the genre keywords appear in the book description. If more than 2 keywords for a specific genre are found in the book description, the function returns that genre. If no genre is identified, the function returns `'unknown'`.", "all_data": "*****INSTRUCTION:***** Create a Python function to classify books according to genre.\ndef classify_books(book):\n*****OUTPUT:***** Here is one example of a function that classifies books according to genre:\n\n```\ndef classify_books(book: str) -> str:\n    \"\"\"\n    Classifies books according to genre.\n    \n    Parameters:\n        book (str): a string describing the book.\n    \n    Returns:\n        str: the genre of the book.\n    \"\"\"\n    genres = {'fantasy': ['magic', 'dragon', 'elf', 'orc', 'wizard', 'sword', 'dwarf'],\n              'romance': ['love', 'relationship', 'kiss', 'affair', 'romantic'],\n              'thriller': ['mystery', 'crime', 'suspense', 'detective', 'murder', 'killer'],\n              'science fiction': ['space', 'future', 'alien', 'robot', 'technology', 'time travel']}\n    \n    book = book.lower()\n    \n    for genre, keywords in genres.items():\n        count = 0\n        for keyword in keywords:\n            if keyword in book:\n                count += 1\n        if count >= 2:\n            return genre\n    return 'unknown'\n```\n\nThis function takes in a `book` parameter, which is a string describing the book. The function uses a dictionary to store the genres and their associated keywords. The function then converts the book description to lower case and checks if any of the genre keywords appear in the book description. If more than 2 keywords for a specific genre are found in the book description, the function returns that genre. If no genre is identified, the function returns `'unknown'`.\n*****QUESTION:***** If there is an explanation: Does the explanation list contributing factors?", "index": 892}, {"instruction": "Create a Python function to classify books according to genre.", "input": "def classify_books(book):", "output": "Here is one example of a function that classifies books according to genre:\n\n```\ndef classify_books(book: str) -> str:\n    \"\"\"\n    Classifies books according to genre.\n    \n    Parameters:\n        book (str): a string describing the book.\n    \n    Returns:\n        str: the genre of the book.\n    \"\"\"\n    genres = {'fantasy': ['magic', 'dragon', 'elf', 'orc', 'wizard', 'sword', 'dwarf'],\n              'romance': ['love', 'relationship', 'kiss', 'affair', 'romantic'],\n              'thriller': ['mystery', 'crime', 'suspense', 'detective', 'murder', 'killer'],\n              'science fiction': ['space', 'future', 'alien', 'robot', 'technology', 'time travel']}\n    \n    book = book.lower()\n    \n    for genre, keywords in genres.items():\n        count = 0\n        for keyword in keywords:\n            if keyword in book:\n                count += 1\n        if count >= 2:\n            return genre\n    return 'unknown'\n```\n\nThis function takes in a `book` parameter, which is a string describing the book. The function uses a dictionary to store the genres and their associated keywords. The function then converts the book description to lower case and checks if any of the genre keywords appear in the book description. If more than 2 keywords for a specific genre are found in the book description, the function returns that genre. If no genre is identified, the function returns `'unknown'`.", "all_data": "*****INSTRUCTION:***** Create a Python function to classify books according to genre.\ndef classify_books(book):\n*****OUTPUT:***** Here is one example of a function that classifies books according to genre:\n\n```\ndef classify_books(book: str) -> str:\n    \"\"\"\n    Classifies books according to genre.\n    \n    Parameters:\n        book (str): a string describing the book.\n    \n    Returns:\n        str: the genre of the book.\n    \"\"\"\n    genres = {'fantasy': ['magic', 'dragon', 'elf', 'orc', 'wizard', 'sword', 'dwarf'],\n              'romance': ['love', 'relationship', 'kiss', 'affair', 'romantic'],\n              'thriller': ['mystery', 'crime', 'suspense', 'detective', 'murder', 'killer'],\n              'science fiction': ['space', 'future', 'alien', 'robot', 'technology', 'time travel']}\n    \n    book = book.lower()\n    \n    for genre, keywords in genres.items():\n        count = 0\n        for keyword in keywords:\n            if keyword in book:\n                count += 1\n        if count >= 2:\n            return genre\n    return 'unknown'\n```\n\nThis function takes in a `book` parameter, which is a string describing the book. The function uses a dictionary to store the genres and their associated keywords. The function then converts the book description to lower case and checks if any of the genre keywords appear in the book description. If more than 2 keywords for a specific genre are found in the book description, the function returns that genre. If no genre is identified, the function returns `'unknown'`.\n*****QUESTION:***** If there is an explanation: Does the explanation include subjective or biased criteria?", "index": 893}, {"instruction": "Create a Python function to classify books according to genre.", "input": "def classify_books(book):", "output": "Here is one example of a function that classifies books according to genre:\n\n```\ndef classify_books(book: str) -> str:\n    \"\"\"\n    Classifies books according to genre.\n    \n    Parameters:\n        book (str): a string describing the book.\n    \n    Returns:\n        str: the genre of the book.\n    \"\"\"\n    genres = {'fantasy': ['magic', 'dragon', 'elf', 'orc', 'wizard', 'sword', 'dwarf'],\n              'romance': ['love', 'relationship', 'kiss', 'affair', 'romantic'],\n              'thriller': ['mystery', 'crime', 'suspense', 'detective', 'murder', 'killer'],\n              'science fiction': ['space', 'future', 'alien', 'robot', 'technology', 'time travel']}\n    \n    book = book.lower()\n    \n    for genre, keywords in genres.items():\n        count = 0\n        for keyword in keywords:\n            if keyword in book:\n                count += 1\n        if count >= 2:\n            return genre\n    return 'unknown'\n```\n\nThis function takes in a `book` parameter, which is a string describing the book. The function uses a dictionary to store the genres and their associated keywords. The function then converts the book description to lower case and checks if any of the genre keywords appear in the book description. If more than 2 keywords for a specific genre are found in the book description, the function returns that genre. If no genre is identified, the function returns `'unknown'`.", "all_data": "*****INSTRUCTION:***** Create a Python function to classify books according to genre.\ndef classify_books(book):\n*****OUTPUT:***** Here is one example of a function that classifies books according to genre:\n\n```\ndef classify_books(book: str) -> str:\n    \"\"\"\n    Classifies books according to genre.\n    \n    Parameters:\n        book (str): a string describing the book.\n    \n    Returns:\n        str: the genre of the book.\n    \"\"\"\n    genres = {'fantasy': ['magic', 'dragon', 'elf', 'orc', 'wizard', 'sword', 'dwarf'],\n              'romance': ['love', 'relationship', 'kiss', 'affair', 'romantic'],\n              'thriller': ['mystery', 'crime', 'suspense', 'detective', 'murder', 'killer'],\n              'science fiction': ['space', 'future', 'alien', 'robot', 'technology', 'time travel']}\n    \n    book = book.lower()\n    \n    for genre, keywords in genres.items():\n        count = 0\n        for keyword in keywords:\n            if keyword in book:\n                count += 1\n        if count >= 2:\n            return genre\n    return 'unknown'\n```\n\nThis function takes in a `book` parameter, which is a string describing the book. The function uses a dictionary to store the genres and their associated keywords. The function then converts the book description to lower case and checks if any of the genre keywords appear in the book description. If more than 2 keywords for a specific genre are found in the book description, the function returns that genre. If no genre is identified, the function returns `'unknown'`.\n*****QUESTION:***** If there is an explanation: Does the explanation include illustrative elements (e.g. examples)?", "index": 894}, {"instruction": "Create a Python function to classify books according to genre.", "input": "def classify_books(book):", "output": "Here is one example of a function that classifies books according to genre:\n\n```\ndef classify_books(book: str) -> str:\n    \"\"\"\n    Classifies books according to genre.\n    \n    Parameters:\n        book (str): a string describing the book.\n    \n    Returns:\n        str: the genre of the book.\n    \"\"\"\n    genres = {'fantasy': ['magic', 'dragon', 'elf', 'orc', 'wizard', 'sword', 'dwarf'],\n              'romance': ['love', 'relationship', 'kiss', 'affair', 'romantic'],\n              'thriller': ['mystery', 'crime', 'suspense', 'detective', 'murder', 'killer'],\n              'science fiction': ['space', 'future', 'alien', 'robot', 'technology', 'time travel']}\n    \n    book = book.lower()\n    \n    for genre, keywords in genres.items():\n        count = 0\n        for keyword in keywords:\n            if keyword in book:\n                count += 1\n        if count >= 2:\n            return genre\n    return 'unknown'\n```\n\nThis function takes in a `book` parameter, which is a string describing the book. The function uses a dictionary to store the genres and their associated keywords. The function then converts the book description to lower case and checks if any of the genre keywords appear in the book description. If more than 2 keywords for a specific genre are found in the book description, the function returns that genre. If no genre is identified, the function returns `'unknown'`.", "all_data": "*****INSTRUCTION:***** Create a Python function to classify books according to genre.\ndef classify_books(book):\n*****OUTPUT:***** Here is one example of a function that classifies books according to genre:\n\n```\ndef classify_books(book: str) -> str:\n    \"\"\"\n    Classifies books according to genre.\n    \n    Parameters:\n        book (str): a string describing the book.\n    \n    Returns:\n        str: the genre of the book.\n    \"\"\"\n    genres = {'fantasy': ['magic', 'dragon', 'elf', 'orc', 'wizard', 'sword', 'dwarf'],\n              'romance': ['love', 'relationship', 'kiss', 'affair', 'romantic'],\n              'thriller': ['mystery', 'crime', 'suspense', 'detective', 'murder', 'killer'],\n              'science fiction': ['space', 'future', 'alien', 'robot', 'technology', 'time travel']}\n    \n    book = book.lower()\n    \n    for genre, keywords in genres.items():\n        count = 0\n        for keyword in keywords:\n            if keyword in book:\n                count += 1\n        if count >= 2:\n            return genre\n    return 'unknown'\n```\n\nThis function takes in a `book` parameter, which is a string describing the book. The function uses a dictionary to store the genres and their associated keywords. The function then converts the book description to lower case and checks if any of the genre keywords appear in the book description. If more than 2 keywords for a specific genre are found in the book description, the function returns that genre. If no genre is identified, the function returns `'unknown'`.\n*****QUESTION:***** If there is an explanation: Is the explanation misleading (e.g. arguing for a label that is wrong)?", "index": 895}, {"instruction": "Identify the most significant factor in a given situation.", "input": "The increasing cost of pharmaceutical drugs.", "output": "Based on the given situation, the most significant factor behind the increasing cost of pharmaceutical drugs could include factors such as high research and development costs, regulatory compliance, production costs, and intellectual property ownership. However, without more information, it is impossible to determine the most significant factor.", "all_data": "*****INSTRUCTION:***** Identify the most significant factor in a given situation.\nThe increasing cost of pharmaceutical drugs.\n*****OUTPUT:***** Based on the given situation, the most significant factor behind the increasing cost of pharmaceutical drugs could include factors such as high research and development costs, regulatory compliance, production costs, and intellectual property ownership. However, without more information, it is impossible to determine the most significant factor.\n*****QUESTION:***** Does the output contain an explanation for the prediction?", "index": 896}, {"instruction": "Identify the most significant factor in a given situation.", "input": "The increasing cost of pharmaceutical drugs.", "output": "Based on the given situation, the most significant factor behind the increasing cost of pharmaceutical drugs could include factors such as high research and development costs, regulatory compliance, production costs, and intellectual property ownership. However, without more information, it is impossible to determine the most significant factor.", "all_data": "*****INSTRUCTION:***** Identify the most significant factor in a given situation.\nThe increasing cost of pharmaceutical drugs.\n*****OUTPUT:***** Based on the given situation, the most significant factor behind the increasing cost of pharmaceutical drugs could include factors such as high research and development costs, regulatory compliance, production costs, and intellectual property ownership. However, without more information, it is impossible to determine the most significant factor.\n*****QUESTION:***** Would you give an explanation/justify your reasoning if you were asked this question by a friend?", "index": 897}, {"instruction": "Identify the most significant factor in a given situation.", "input": "The increasing cost of pharmaceutical drugs.", "output": "Based on the given situation, the most significant factor behind the increasing cost of pharmaceutical drugs could include factors such as high research and development costs, regulatory compliance, production costs, and intellectual property ownership. However, without more information, it is impossible to determine the most significant factor.", "all_data": "*****INSTRUCTION:***** Identify the most significant factor in a given situation.\nThe increasing cost of pharmaceutical drugs.\n*****OUTPUT:***** Based on the given situation, the most significant factor behind the increasing cost of pharmaceutical drugs could include factors such as high research and development costs, regulatory compliance, production costs, and intellectual property ownership. However, without more information, it is impossible to determine the most significant factor.\n*****QUESTION:***** If there is an explanation: Does the explanation refer to commonsense concepts that are taken as given?", "index": 898}, {"instruction": "Identify the most significant factor in a given situation.", "input": "The increasing cost of pharmaceutical drugs.", "output": "Based on the given situation, the most significant factor behind the increasing cost of pharmaceutical drugs could include factors such as high research and development costs, regulatory compliance, production costs, and intellectual property ownership. However, without more information, it is impossible to determine the most significant factor.", "all_data": "*****INSTRUCTION:***** Identify the most significant factor in a given situation.\nThe increasing cost of pharmaceutical drugs.\n*****OUTPUT:***** Based on the given situation, the most significant factor behind the increasing cost of pharmaceutical drugs could include factors such as high research and development costs, regulatory compliance, production costs, and intellectual property ownership. However, without more information, it is impossible to determine the most significant factor.\n*****QUESTION:***** If there is an explanation: Does the explanation list contributing factors?", "index": 899}, {"instruction": "Identify the most significant factor in a given situation.", "input": "The increasing cost of pharmaceutical drugs.", "output": "Based on the given situation, the most significant factor behind the increasing cost of pharmaceutical drugs could include factors such as high research and development costs, regulatory compliance, production costs, and intellectual property ownership. However, without more information, it is impossible to determine the most significant factor.", "all_data": "*****INSTRUCTION:***** Identify the most significant factor in a given situation.\nThe increasing cost of pharmaceutical drugs.\n*****OUTPUT:***** Based on the given situation, the most significant factor behind the increasing cost of pharmaceutical drugs could include factors such as high research and development costs, regulatory compliance, production costs, and intellectual property ownership. However, without more information, it is impossible to determine the most significant factor.\n*****QUESTION:***** If there is an explanation: Does the explanation include subjective or biased criteria?", "index": 900}, {"instruction": "Identify the most significant factor in a given situation.", "input": "The increasing cost of pharmaceutical drugs.", "output": "Based on the given situation, the most significant factor behind the increasing cost of pharmaceutical drugs could include factors such as high research and development costs, regulatory compliance, production costs, and intellectual property ownership. However, without more information, it is impossible to determine the most significant factor.", "all_data": "*****INSTRUCTION:***** Identify the most significant factor in a given situation.\nThe increasing cost of pharmaceutical drugs.\n*****OUTPUT:***** Based on the given situation, the most significant factor behind the increasing cost of pharmaceutical drugs could include factors such as high research and development costs, regulatory compliance, production costs, and intellectual property ownership. However, without more information, it is impossible to determine the most significant factor.\n*****QUESTION:***** If there is an explanation: Does the explanation include illustrative elements (e.g. examples)?", "index": 901}, {"instruction": "Identify the most significant factor in a given situation.", "input": "The increasing cost of pharmaceutical drugs.", "output": "Based on the given situation, the most significant factor behind the increasing cost of pharmaceutical drugs could include factors such as high research and development costs, regulatory compliance, production costs, and intellectual property ownership. However, without more information, it is impossible to determine the most significant factor.", "all_data": "*****INSTRUCTION:***** Identify the most significant factor in a given situation.\nThe increasing cost of pharmaceutical drugs.\n*****OUTPUT:***** Based on the given situation, the most significant factor behind the increasing cost of pharmaceutical drugs could include factors such as high research and development costs, regulatory compliance, production costs, and intellectual property ownership. However, without more information, it is impossible to determine the most significant factor.\n*****QUESTION:***** If there is an explanation: Is the explanation misleading (e.g. arguing for a label that is wrong)?", "index": 902}, {"instruction": "Spell the following word in American English.", "input": "Realisation", "output": "Realization", "all_data": "*****INSTRUCTION:***** Spell the following word in American English.\nRealisation\n*****OUTPUT:***** Realization\n*****QUESTION:***** Does the output contain an explanation for the prediction?", "index": 903}, {"instruction": "Spell the following word in American English.", "input": "Realisation", "output": "Realization", "all_data": "*****INSTRUCTION:***** Spell the following word in American English.\nRealisation\n*****OUTPUT:***** Realization\n*****QUESTION:***** Would you give an explanation/justify your reasoning if you were asked this question by a friend?", "index": 904}, {"instruction": "Spell the following word in American English.", "input": "Realisation", "output": "Realization", "all_data": "*****INSTRUCTION:***** Spell the following word in American English.\nRealisation\n*****OUTPUT:***** Realization\n*****QUESTION:***** If there is an explanation: Does the explanation refer to commonsense concepts that are taken as given?", "index": 905}, {"instruction": "Spell the following word in American English.", "input": "Realisation", "output": "Realization", "all_data": "*****INSTRUCTION:***** Spell the following word in American English.\nRealisation\n*****OUTPUT:***** Realization\n*****QUESTION:***** If there is an explanation: Does the explanation list contributing factors?", "index": 906}, {"instruction": "Spell the following word in American English.", "input": "Realisation", "output": "Realization", "all_data": "*****INSTRUCTION:***** Spell the following word in American English.\nRealisation\n*****OUTPUT:***** Realization\n*****QUESTION:***** If there is an explanation: Does the explanation include subjective or biased criteria?", "index": 907}, {"instruction": "Spell the following word in American English.", "input": "Realisation", "output": "Realization", "all_data": "*****INSTRUCTION:***** Spell the following word in American English.\nRealisation\n*****OUTPUT:***** Realization\n*****QUESTION:***** If there is an explanation: Does the explanation include illustrative elements (e.g. examples)?", "index": 908}, {"instruction": "Spell the following word in American English.", "input": "Realisation", "output": "Realization", "all_data": "*****INSTRUCTION:***** Spell the following word in American English.\nRealisation\n*****OUTPUT:***** Realization\n*****QUESTION:***** If there is an explanation: Is the explanation misleading (e.g. arguing for a label that is wrong)?", "index": 909}, {"instruction": "Name two features that you should look for in a good laptop.", "input": "", "output": "When looking for a good laptop, two important features to consider are the processor and memory. \n\n1. Processor: The processor is responsible for executing instructions and performing tasks, so it's important to find a laptop with a fast and reliable processor. A good processor ensures that your laptop can handle multiple tasks at once, run applications smoothly, and complete tasks quickly. Intel Core i5 or i7 and AMD Ryzen are considered fast processors for many laptops.\n\n2. Memory (RAM): The memory, or RAM, is responsible for temporarily storing data and allowing the processor quick access to information. A laptop with enough memory will allow you to run multiple applications at once without slowing down, and it will help to ensure the smooth operation of your laptop. Generally, 8GB of RAM is considered adequate for most users, but if you plan to use your laptop for more memory-intensive tasks, such as gaming or video editing, you may want to consider a laptop with 16GB or more of memory.", "all_data": "*****INSTRUCTION:***** Name two features that you should look for in a good laptop.\n\n*****OUTPUT:***** When looking for a good laptop, two important features to consider are the processor and memory. \n\n1. Processor: The processor is responsible for executing instructions and performing tasks, so it's important to find a laptop with a fast and reliable processor. A good processor ensures that your laptop can handle multiple tasks at once, run applications smoothly, and complete tasks quickly. Intel Core i5 or i7 and AMD Ryzen are considered fast processors for many laptops.\n\n2. Memory (RAM): The memory, or RAM, is responsible for temporarily storing data and allowing the processor quick access to information. A laptop with enough memory will allow you to run multiple applications at once without slowing down, and it will help to ensure the smooth operation of your laptop. Generally, 8GB of RAM is considered adequate for most users, but if you plan to use your laptop for more memory-intensive tasks, such as gaming or video editing, you may want to consider a laptop with 16GB or more of memory.\n*****QUESTION:***** Does the output contain an explanation for the prediction?", "index": 910}, {"instruction": "Name two features that you should look for in a good laptop.", "input": "", "output": "When looking for a good laptop, two important features to consider are the processor and memory. \n\n1. Processor: The processor is responsible for executing instructions and performing tasks, so it's important to find a laptop with a fast and reliable processor. A good processor ensures that your laptop can handle multiple tasks at once, run applications smoothly, and complete tasks quickly. Intel Core i5 or i7 and AMD Ryzen are considered fast processors for many laptops.\n\n2. Memory (RAM): The memory, or RAM, is responsible for temporarily storing data and allowing the processor quick access to information. A laptop with enough memory will allow you to run multiple applications at once without slowing down, and it will help to ensure the smooth operation of your laptop. Generally, 8GB of RAM is considered adequate for most users, but if you plan to use your laptop for more memory-intensive tasks, such as gaming or video editing, you may want to consider a laptop with 16GB or more of memory.", "all_data": "*****INSTRUCTION:***** Name two features that you should look for in a good laptop.\n\n*****OUTPUT:***** When looking for a good laptop, two important features to consider are the processor and memory. \n\n1. Processor: The processor is responsible for executing instructions and performing tasks, so it's important to find a laptop with a fast and reliable processor. A good processor ensures that your laptop can handle multiple tasks at once, run applications smoothly, and complete tasks quickly. Intel Core i5 or i7 and AMD Ryzen are considered fast processors for many laptops.\n\n2. Memory (RAM): The memory, or RAM, is responsible for temporarily storing data and allowing the processor quick access to information. A laptop with enough memory will allow you to run multiple applications at once without slowing down, and it will help to ensure the smooth operation of your laptop. Generally, 8GB of RAM is considered adequate for most users, but if you plan to use your laptop for more memory-intensive tasks, such as gaming or video editing, you may want to consider a laptop with 16GB or more of memory.\n*****QUESTION:***** Would you give an explanation/justify your reasoning if you were asked this question by a friend?", "index": 911}, {"instruction": "Name two features that you should look for in a good laptop.", "input": "", "output": "When looking for a good laptop, two important features to consider are the processor and memory. \n\n1. Processor: The processor is responsible for executing instructions and performing tasks, so it's important to find a laptop with a fast and reliable processor. A good processor ensures that your laptop can handle multiple tasks at once, run applications smoothly, and complete tasks quickly. Intel Core i5 or i7 and AMD Ryzen are considered fast processors for many laptops.\n\n2. Memory (RAM): The memory, or RAM, is responsible for temporarily storing data and allowing the processor quick access to information. A laptop with enough memory will allow you to run multiple applications at once without slowing down, and it will help to ensure the smooth operation of your laptop. Generally, 8GB of RAM is considered adequate for most users, but if you plan to use your laptop for more memory-intensive tasks, such as gaming or video editing, you may want to consider a laptop with 16GB or more of memory.", "all_data": "*****INSTRUCTION:***** Name two features that you should look for in a good laptop.\n\n*****OUTPUT:***** When looking for a good laptop, two important features to consider are the processor and memory. \n\n1. Processor: The processor is responsible for executing instructions and performing tasks, so it's important to find a laptop with a fast and reliable processor. A good processor ensures that your laptop can handle multiple tasks at once, run applications smoothly, and complete tasks quickly. Intel Core i5 or i7 and AMD Ryzen are considered fast processors for many laptops.\n\n2. Memory (RAM): The memory, or RAM, is responsible for temporarily storing data and allowing the processor quick access to information. A laptop with enough memory will allow you to run multiple applications at once without slowing down, and it will help to ensure the smooth operation of your laptop. Generally, 8GB of RAM is considered adequate for most users, but if you plan to use your laptop for more memory-intensive tasks, such as gaming or video editing, you may want to consider a laptop with 16GB or more of memory.\n*****QUESTION:***** If there is an explanation: Does the explanation refer to commonsense concepts that are taken as given?", "index": 912}, {"instruction": "Name two features that you should look for in a good laptop.", "input": "", "output": "When looking for a good laptop, two important features to consider are the processor and memory. \n\n1. Processor: The processor is responsible for executing instructions and performing tasks, so it's important to find a laptop with a fast and reliable processor. A good processor ensures that your laptop can handle multiple tasks at once, run applications smoothly, and complete tasks quickly. Intel Core i5 or i7 and AMD Ryzen are considered fast processors for many laptops.\n\n2. Memory (RAM): The memory, or RAM, is responsible for temporarily storing data and allowing the processor quick access to information. A laptop with enough memory will allow you to run multiple applications at once without slowing down, and it will help to ensure the smooth operation of your laptop. Generally, 8GB of RAM is considered adequate for most users, but if you plan to use your laptop for more memory-intensive tasks, such as gaming or video editing, you may want to consider a laptop with 16GB or more of memory.", "all_data": "*****INSTRUCTION:***** Name two features that you should look for in a good laptop.\n\n*****OUTPUT:***** When looking for a good laptop, two important features to consider are the processor and memory. \n\n1. Processor: The processor is responsible for executing instructions and performing tasks, so it's important to find a laptop with a fast and reliable processor. A good processor ensures that your laptop can handle multiple tasks at once, run applications smoothly, and complete tasks quickly. Intel Core i5 or i7 and AMD Ryzen are considered fast processors for many laptops.\n\n2. Memory (RAM): The memory, or RAM, is responsible for temporarily storing data and allowing the processor quick access to information. A laptop with enough memory will allow you to run multiple applications at once without slowing down, and it will help to ensure the smooth operation of your laptop. Generally, 8GB of RAM is considered adequate for most users, but if you plan to use your laptop for more memory-intensive tasks, such as gaming or video editing, you may want to consider a laptop with 16GB or more of memory.\n*****QUESTION:***** If there is an explanation: Does the explanation list contributing factors?", "index": 913}, {"instruction": "Name two features that you should look for in a good laptop.", "input": "", "output": "When looking for a good laptop, two important features to consider are the processor and memory. \n\n1. Processor: The processor is responsible for executing instructions and performing tasks, so it's important to find a laptop with a fast and reliable processor. A good processor ensures that your laptop can handle multiple tasks at once, run applications smoothly, and complete tasks quickly. Intel Core i5 or i7 and AMD Ryzen are considered fast processors for many laptops.\n\n2. Memory (RAM): The memory, or RAM, is responsible for temporarily storing data and allowing the processor quick access to information. A laptop with enough memory will allow you to run multiple applications at once without slowing down, and it will help to ensure the smooth operation of your laptop. Generally, 8GB of RAM is considered adequate for most users, but if you plan to use your laptop for more memory-intensive tasks, such as gaming or video editing, you may want to consider a laptop with 16GB or more of memory.", "all_data": "*****INSTRUCTION:***** Name two features that you should look for in a good laptop.\n\n*****OUTPUT:***** When looking for a good laptop, two important features to consider are the processor and memory. \n\n1. Processor: The processor is responsible for executing instructions and performing tasks, so it's important to find a laptop with a fast and reliable processor. A good processor ensures that your laptop can handle multiple tasks at once, run applications smoothly, and complete tasks quickly. Intel Core i5 or i7 and AMD Ryzen are considered fast processors for many laptops.\n\n2. Memory (RAM): The memory, or RAM, is responsible for temporarily storing data and allowing the processor quick access to information. A laptop with enough memory will allow you to run multiple applications at once without slowing down, and it will help to ensure the smooth operation of your laptop. Generally, 8GB of RAM is considered adequate for most users, but if you plan to use your laptop for more memory-intensive tasks, such as gaming or video editing, you may want to consider a laptop with 16GB or more of memory.\n*****QUESTION:***** If there is an explanation: Does the explanation include subjective or biased criteria?", "index": 914}, {"instruction": "Name two features that you should look for in a good laptop.", "input": "", "output": "When looking for a good laptop, two important features to consider are the processor and memory. \n\n1. Processor: The processor is responsible for executing instructions and performing tasks, so it's important to find a laptop with a fast and reliable processor. A good processor ensures that your laptop can handle multiple tasks at once, run applications smoothly, and complete tasks quickly. Intel Core i5 or i7 and AMD Ryzen are considered fast processors for many laptops.\n\n2. Memory (RAM): The memory, or RAM, is responsible for temporarily storing data and allowing the processor quick access to information. A laptop with enough memory will allow you to run multiple applications at once without slowing down, and it will help to ensure the smooth operation of your laptop. Generally, 8GB of RAM is considered adequate for most users, but if you plan to use your laptop for more memory-intensive tasks, such as gaming or video editing, you may want to consider a laptop with 16GB or more of memory.", "all_data": "*****INSTRUCTION:***** Name two features that you should look for in a good laptop.\n\n*****OUTPUT:***** When looking for a good laptop, two important features to consider are the processor and memory. \n\n1. Processor: The processor is responsible for executing instructions and performing tasks, so it's important to find a laptop with a fast and reliable processor. A good processor ensures that your laptop can handle multiple tasks at once, run applications smoothly, and complete tasks quickly. Intel Core i5 or i7 and AMD Ryzen are considered fast processors for many laptops.\n\n2. Memory (RAM): The memory, or RAM, is responsible for temporarily storing data and allowing the processor quick access to information. A laptop with enough memory will allow you to run multiple applications at once without slowing down, and it will help to ensure the smooth operation of your laptop. Generally, 8GB of RAM is considered adequate for most users, but if you plan to use your laptop for more memory-intensive tasks, such as gaming or video editing, you may want to consider a laptop with 16GB or more of memory.\n*****QUESTION:***** If there is an explanation: Does the explanation include illustrative elements (e.g. examples)?", "index": 915}, {"instruction": "Name two features that you should look for in a good laptop.", "input": "", "output": "When looking for a good laptop, two important features to consider are the processor and memory. \n\n1. Processor: The processor is responsible for executing instructions and performing tasks, so it's important to find a laptop with a fast and reliable processor. A good processor ensures that your laptop can handle multiple tasks at once, run applications smoothly, and complete tasks quickly. Intel Core i5 or i7 and AMD Ryzen are considered fast processors for many laptops.\n\n2. Memory (RAM): The memory, or RAM, is responsible for temporarily storing data and allowing the processor quick access to information. A laptop with enough memory will allow you to run multiple applications at once without slowing down, and it will help to ensure the smooth operation of your laptop. Generally, 8GB of RAM is considered adequate for most users, but if you plan to use your laptop for more memory-intensive tasks, such as gaming or video editing, you may want to consider a laptop with 16GB or more of memory.", "all_data": "*****INSTRUCTION:***** Name two features that you should look for in a good laptop.\n\n*****OUTPUT:***** When looking for a good laptop, two important features to consider are the processor and memory. \n\n1. Processor: The processor is responsible for executing instructions and performing tasks, so it's important to find a laptop with a fast and reliable processor. A good processor ensures that your laptop can handle multiple tasks at once, run applications smoothly, and complete tasks quickly. Intel Core i5 or i7 and AMD Ryzen are considered fast processors for many laptops.\n\n2. Memory (RAM): The memory, or RAM, is responsible for temporarily storing data and allowing the processor quick access to information. A laptop with enough memory will allow you to run multiple applications at once without slowing down, and it will help to ensure the smooth operation of your laptop. Generally, 8GB of RAM is considered adequate for most users, but if you plan to use your laptop for more memory-intensive tasks, such as gaming or video editing, you may want to consider a laptop with 16GB or more of memory.\n*****QUESTION:***** If there is an explanation: Is the explanation misleading (e.g. arguing for a label that is wrong)?", "index": 916}, {"instruction": "Sort the given items in order of their weight.", "input": "Apple, Car, Pencil", "output": "Pencil, Apple, Car", "all_data": "*****INSTRUCTION:***** Sort the given items in order of their weight.\nApple, Car, Pencil\n*****OUTPUT:***** Pencil, Apple, Car\n*****QUESTION:***** Does the output contain an explanation for the prediction?", "index": 917}, {"instruction": "Sort the given items in order of their weight.", "input": "Apple, Car, Pencil", "output": "Pencil, Apple, Car", "all_data": "*****INSTRUCTION:***** Sort the given items in order of their weight.\nApple, Car, Pencil\n*****OUTPUT:***** Pencil, Apple, Car\n*****QUESTION:***** Would you give an explanation/justify your reasoning if you were asked this question by a friend?", "index": 918}, {"instruction": "Sort the given items in order of their weight.", "input": "Apple, Car, Pencil", "output": "Pencil, Apple, Car", "all_data": "*****INSTRUCTION:***** Sort the given items in order of their weight.\nApple, Car, Pencil\n*****OUTPUT:***** Pencil, Apple, Car\n*****QUESTION:***** If there is an explanation: Does the explanation refer to commonsense concepts that are taken as given?", "index": 919}, {"instruction": "Sort the given items in order of their weight.", "input": "Apple, Car, Pencil", "output": "Pencil, Apple, Car", "all_data": "*****INSTRUCTION:***** Sort the given items in order of their weight.\nApple, Car, Pencil\n*****OUTPUT:***** Pencil, Apple, Car\n*****QUESTION:***** If there is an explanation: Does the explanation list contributing factors?", "index": 920}, {"instruction": "Sort the given items in order of their weight.", "input": "Apple, Car, Pencil", "output": "Pencil, Apple, Car", "all_data": "*****INSTRUCTION:***** Sort the given items in order of their weight.\nApple, Car, Pencil\n*****OUTPUT:***** Pencil, Apple, Car\n*****QUESTION:***** If there is an explanation: Does the explanation include subjective or biased criteria?", "index": 921}, {"instruction": "Sort the given items in order of their weight.", "input": "Apple, Car, Pencil", "output": "Pencil, Apple, Car", "all_data": "*****INSTRUCTION:***** Sort the given items in order of their weight.\nApple, Car, Pencil\n*****OUTPUT:***** Pencil, Apple, Car\n*****QUESTION:***** If there is an explanation: Does the explanation include illustrative elements (e.g. examples)?", "index": 922}, {"instruction": "Sort the given items in order of their weight.", "input": "Apple, Car, Pencil", "output": "Pencil, Apple, Car", "all_data": "*****INSTRUCTION:***** Sort the given items in order of their weight.\nApple, Car, Pencil\n*****OUTPUT:***** Pencil, Apple, Car\n*****QUESTION:***** If there is an explanation: Is the explanation misleading (e.g. arguing for a label that is wrong)?", "index": 923}, {"instruction": "Provide a computer code snippet to sort an array.", "input": "[2, 6, 3, 7, 1, 4]", "output": "Here's a simple code snippet to sort that array using Python:\n\n```python\nmy_array = [2, 6, 3, 7, 1, 4]\nmy_array.sort()\nprint(my_array)\n```\n\nThis will output:\n```\n[1, 2, 3, 4, 6, 7]\n```", "all_data": "*****INSTRUCTION:***** Provide a computer code snippet to sort an array.\n[2, 6, 3, 7, 1, 4]\n*****OUTPUT:***** Here's a simple code snippet to sort that array using Python:\n\n```python\nmy_array = [2, 6, 3, 7, 1, 4]\nmy_array.sort()\nprint(my_array)\n```\n\nThis will output:\n```\n[1, 2, 3, 4, 6, 7]\n```\n*****QUESTION:***** Does the output contain an explanation for the prediction?", "index": 924}, {"instruction": "Provide a computer code snippet to sort an array.", "input": "[2, 6, 3, 7, 1, 4]", "output": "Here's a simple code snippet to sort that array using Python:\n\n```python\nmy_array = [2, 6, 3, 7, 1, 4]\nmy_array.sort()\nprint(my_array)\n```\n\nThis will output:\n```\n[1, 2, 3, 4, 6, 7]\n```", "all_data": "*****INSTRUCTION:***** Provide a computer code snippet to sort an array.\n[2, 6, 3, 7, 1, 4]\n*****OUTPUT:***** Here's a simple code snippet to sort that array using Python:\n\n```python\nmy_array = [2, 6, 3, 7, 1, 4]\nmy_array.sort()\nprint(my_array)\n```\n\nThis will output:\n```\n[1, 2, 3, 4, 6, 7]\n```\n*****QUESTION:***** Would you give an explanation/justify your reasoning if you were asked this question by a friend?", "index": 925}, {"instruction": "Provide a computer code snippet to sort an array.", "input": "[2, 6, 3, 7, 1, 4]", "output": "Here's a simple code snippet to sort that array using Python:\n\n```python\nmy_array = [2, 6, 3, 7, 1, 4]\nmy_array.sort()\nprint(my_array)\n```\n\nThis will output:\n```\n[1, 2, 3, 4, 6, 7]\n```", "all_data": "*****INSTRUCTION:***** Provide a computer code snippet to sort an array.\n[2, 6, 3, 7, 1, 4]\n*****OUTPUT:***** Here's a simple code snippet to sort that array using Python:\n\n```python\nmy_array = [2, 6, 3, 7, 1, 4]\nmy_array.sort()\nprint(my_array)\n```\n\nThis will output:\n```\n[1, 2, 3, 4, 6, 7]\n```\n*****QUESTION:***** If there is an explanation: Does the explanation refer to commonsense concepts that are taken as given?", "index": 926}, {"instruction": "Provide a computer code snippet to sort an array.", "input": "[2, 6, 3, 7, 1, 4]", "output": "Here's a simple code snippet to sort that array using Python:\n\n```python\nmy_array = [2, 6, 3, 7, 1, 4]\nmy_array.sort()\nprint(my_array)\n```\n\nThis will output:\n```\n[1, 2, 3, 4, 6, 7]\n```", "all_data": "*****INSTRUCTION:***** Provide a computer code snippet to sort an array.\n[2, 6, 3, 7, 1, 4]\n*****OUTPUT:***** Here's a simple code snippet to sort that array using Python:\n\n```python\nmy_array = [2, 6, 3, 7, 1, 4]\nmy_array.sort()\nprint(my_array)\n```\n\nThis will output:\n```\n[1, 2, 3, 4, 6, 7]\n```\n*****QUESTION:***** If there is an explanation: Does the explanation list contributing factors?", "index": 927}, {"instruction": "Provide a computer code snippet to sort an array.", "input": "[2, 6, 3, 7, 1, 4]", "output": "Here's a simple code snippet to sort that array using Python:\n\n```python\nmy_array = [2, 6, 3, 7, 1, 4]\nmy_array.sort()\nprint(my_array)\n```\n\nThis will output:\n```\n[1, 2, 3, 4, 6, 7]\n```", "all_data": "*****INSTRUCTION:***** Provide a computer code snippet to sort an array.\n[2, 6, 3, 7, 1, 4]\n*****OUTPUT:***** Here's a simple code snippet to sort that array using Python:\n\n```python\nmy_array = [2, 6, 3, 7, 1, 4]\nmy_array.sort()\nprint(my_array)\n```\n\nThis will output:\n```\n[1, 2, 3, 4, 6, 7]\n```\n*****QUESTION:***** If there is an explanation: Does the explanation include subjective or biased criteria?", "index": 928}, {"instruction": "Provide a computer code snippet to sort an array.", "input": "[2, 6, 3, 7, 1, 4]", "output": "Here's a simple code snippet to sort that array using Python:\n\n```python\nmy_array = [2, 6, 3, 7, 1, 4]\nmy_array.sort()\nprint(my_array)\n```\n\nThis will output:\n```\n[1, 2, 3, 4, 6, 7]\n```", "all_data": "*****INSTRUCTION:***** Provide a computer code snippet to sort an array.\n[2, 6, 3, 7, 1, 4]\n*****OUTPUT:***** Here's a simple code snippet to sort that array using Python:\n\n```python\nmy_array = [2, 6, 3, 7, 1, 4]\nmy_array.sort()\nprint(my_array)\n```\n\nThis will output:\n```\n[1, 2, 3, 4, 6, 7]\n```\n*****QUESTION:***** If there is an explanation: Does the explanation include illustrative elements (e.g. examples)?", "index": 929}, {"instruction": "Provide a computer code snippet to sort an array.", "input": "[2, 6, 3, 7, 1, 4]", "output": "Here's a simple code snippet to sort that array using Python:\n\n```python\nmy_array = [2, 6, 3, 7, 1, 4]\nmy_array.sort()\nprint(my_array)\n```\n\nThis will output:\n```\n[1, 2, 3, 4, 6, 7]\n```", "all_data": "*****INSTRUCTION:***** Provide a computer code snippet to sort an array.\n[2, 6, 3, 7, 1, 4]\n*****OUTPUT:***** Here's a simple code snippet to sort that array using Python:\n\n```python\nmy_array = [2, 6, 3, 7, 1, 4]\nmy_array.sort()\nprint(my_array)\n```\n\nThis will output:\n```\n[1, 2, 3, 4, 6, 7]\n```\n*****QUESTION:***** If there is an explanation: Is the explanation misleading (e.g. arguing for a label that is wrong)?", "index": 930}, {"instruction": "Classify the following tweet as expressing a positive sentiment, a negative sentiment, or a neutral sentiment.", "input": "COVID-19 has changed how we interact with others and how we plan our day-to-day lives.", "output": "This tweet expresses a neutral sentiment.", "all_data": "*****INSTRUCTION:***** Classify the following tweet as expressing a positive sentiment, a negative sentiment, or a neutral sentiment.\nCOVID-19 has changed how we interact with others and how we plan our day-to-day lives.\n*****OUTPUT:***** This tweet expresses a neutral sentiment.\n*****QUESTION:***** Does the output contain an explanation for the prediction?", "index": 931}, {"instruction": "Classify the following tweet as expressing a positive sentiment, a negative sentiment, or a neutral sentiment.", "input": "COVID-19 has changed how we interact with others and how we plan our day-to-day lives.", "output": "This tweet expresses a neutral sentiment.", "all_data": "*****INSTRUCTION:***** Classify the following tweet as expressing a positive sentiment, a negative sentiment, or a neutral sentiment.\nCOVID-19 has changed how we interact with others and how we plan our day-to-day lives.\n*****OUTPUT:***** This tweet expresses a neutral sentiment.\n*****QUESTION:***** Would you give an explanation/justify your reasoning if you were asked this question by a friend?", "index": 932}, {"instruction": "Classify the following tweet as expressing a positive sentiment, a negative sentiment, or a neutral sentiment.", "input": "COVID-19 has changed how we interact with others and how we plan our day-to-day lives.", "output": "This tweet expresses a neutral sentiment.", "all_data": "*****INSTRUCTION:***** Classify the following tweet as expressing a positive sentiment, a negative sentiment, or a neutral sentiment.\nCOVID-19 has changed how we interact with others and how we plan our day-to-day lives.\n*****OUTPUT:***** This tweet expresses a neutral sentiment.\n*****QUESTION:***** If there is an explanation: Does the explanation refer to commonsense concepts that are taken as given?", "index": 933}, {"instruction": "Classify the following tweet as expressing a positive sentiment, a negative sentiment, or a neutral sentiment.", "input": "COVID-19 has changed how we interact with others and how we plan our day-to-day lives.", "output": "This tweet expresses a neutral sentiment.", "all_data": "*****INSTRUCTION:***** Classify the following tweet as expressing a positive sentiment, a negative sentiment, or a neutral sentiment.\nCOVID-19 has changed how we interact with others and how we plan our day-to-day lives.\n*****OUTPUT:***** This tweet expresses a neutral sentiment.\n*****QUESTION:***** If there is an explanation: Does the explanation list contributing factors?", "index": 934}, {"instruction": "Classify the following tweet as expressing a positive sentiment, a negative sentiment, or a neutral sentiment.", "input": "COVID-19 has changed how we interact with others and how we plan our day-to-day lives.", "output": "This tweet expresses a neutral sentiment.", "all_data": "*****INSTRUCTION:***** Classify the following tweet as expressing a positive sentiment, a negative sentiment, or a neutral sentiment.\nCOVID-19 has changed how we interact with others and how we plan our day-to-day lives.\n*****OUTPUT:***** This tweet expresses a neutral sentiment.\n*****QUESTION:***** If there is an explanation: Does the explanation include subjective or biased criteria?", "index": 935}, {"instruction": "Classify the following tweet as expressing a positive sentiment, a negative sentiment, or a neutral sentiment.", "input": "COVID-19 has changed how we interact with others and how we plan our day-to-day lives.", "output": "This tweet expresses a neutral sentiment.", "all_data": "*****INSTRUCTION:***** Classify the following tweet as expressing a positive sentiment, a negative sentiment, or a neutral sentiment.\nCOVID-19 has changed how we interact with others and how we plan our day-to-day lives.\n*****OUTPUT:***** This tweet expresses a neutral sentiment.\n*****QUESTION:***** If there is an explanation: Does the explanation include illustrative elements (e.g. examples)?", "index": 936}, {"instruction": "Classify the following tweet as expressing a positive sentiment, a negative sentiment, or a neutral sentiment.", "input": "COVID-19 has changed how we interact with others and how we plan our day-to-day lives.", "output": "This tweet expresses a neutral sentiment.", "all_data": "*****INSTRUCTION:***** Classify the following tweet as expressing a positive sentiment, a negative sentiment, or a neutral sentiment.\nCOVID-19 has changed how we interact with others and how we plan our day-to-day lives.\n*****OUTPUT:***** This tweet expresses a neutral sentiment.\n*****QUESTION:***** If there is an explanation: Is the explanation misleading (e.g. arguing for a label that is wrong)?", "index": 937}, {"instruction": "Categorize the following statement as either a fact or opinion:\n\"Eating too much sugar is unhealthy\"", "input": "", "output": "The statement \"Eating too much sugar is unhealthy\" can be classified as a fact. This is because there are numerous scientific studies and research data that support the idea that excessive intake of sugar can have negative health effects, such as increased risk of obesity, diabetes, heart diseases, and tooth decay.", "all_data": "*****INSTRUCTION:***** Categorize the following statement as either a fact or opinion:\n\"Eating too much sugar is unhealthy\"\n\n*****OUTPUT:***** The statement \"Eating too much sugar is unhealthy\" can be classified as a fact. This is because there are numerous scientific studies and research data that support the idea that excessive intake of sugar can have negative health effects, such as increased risk of obesity, diabetes, heart diseases, and tooth decay.\n*****QUESTION:***** Does the output contain an explanation for the prediction?", "index": 938}, {"instruction": "Categorize the following statement as either a fact or opinion:\n\"Eating too much sugar is unhealthy\"", "input": "", "output": "The statement \"Eating too much sugar is unhealthy\" can be classified as a fact. This is because there are numerous scientific studies and research data that support the idea that excessive intake of sugar can have negative health effects, such as increased risk of obesity, diabetes, heart diseases, and tooth decay.", "all_data": "*****INSTRUCTION:***** Categorize the following statement as either a fact or opinion:\n\"Eating too much sugar is unhealthy\"\n\n*****OUTPUT:***** The statement \"Eating too much sugar is unhealthy\" can be classified as a fact. This is because there are numerous scientific studies and research data that support the idea that excessive intake of sugar can have negative health effects, such as increased risk of obesity, diabetes, heart diseases, and tooth decay.\n*****QUESTION:***** Would you give an explanation/justify your reasoning if you were asked this question by a friend?", "index": 939}, {"instruction": "Categorize the following statement as either a fact or opinion:\n\"Eating too much sugar is unhealthy\"", "input": "", "output": "The statement \"Eating too much sugar is unhealthy\" can be classified as a fact. This is because there are numerous scientific studies and research data that support the idea that excessive intake of sugar can have negative health effects, such as increased risk of obesity, diabetes, heart diseases, and tooth decay.", "all_data": "*****INSTRUCTION:***** Categorize the following statement as either a fact or opinion:\n\"Eating too much sugar is unhealthy\"\n\n*****OUTPUT:***** The statement \"Eating too much sugar is unhealthy\" can be classified as a fact. This is because there are numerous scientific studies and research data that support the idea that excessive intake of sugar can have negative health effects, such as increased risk of obesity, diabetes, heart diseases, and tooth decay.\n*****QUESTION:***** If there is an explanation: Does the explanation refer to commonsense concepts that are taken as given?", "index": 940}, {"instruction": "Categorize the following statement as either a fact or opinion:\n\"Eating too much sugar is unhealthy\"", "input": "", "output": "The statement \"Eating too much sugar is unhealthy\" can be classified as a fact. This is because there are numerous scientific studies and research data that support the idea that excessive intake of sugar can have negative health effects, such as increased risk of obesity, diabetes, heart diseases, and tooth decay.", "all_data": "*****INSTRUCTION:***** Categorize the following statement as either a fact or opinion:\n\"Eating too much sugar is unhealthy\"\n\n*****OUTPUT:***** The statement \"Eating too much sugar is unhealthy\" can be classified as a fact. This is because there are numerous scientific studies and research data that support the idea that excessive intake of sugar can have negative health effects, such as increased risk of obesity, diabetes, heart diseases, and tooth decay.\n*****QUESTION:***** If there is an explanation: Does the explanation list contributing factors?", "index": 941}, {"instruction": "Categorize the following statement as either a fact or opinion:\n\"Eating too much sugar is unhealthy\"", "input": "", "output": "The statement \"Eating too much sugar is unhealthy\" can be classified as a fact. This is because there are numerous scientific studies and research data that support the idea that excessive intake of sugar can have negative health effects, such as increased risk of obesity, diabetes, heart diseases, and tooth decay.", "all_data": "*****INSTRUCTION:***** Categorize the following statement as either a fact or opinion:\n\"Eating too much sugar is unhealthy\"\n\n*****OUTPUT:***** The statement \"Eating too much sugar is unhealthy\" can be classified as a fact. This is because there are numerous scientific studies and research data that support the idea that excessive intake of sugar can have negative health effects, such as increased risk of obesity, diabetes, heart diseases, and tooth decay.\n*****QUESTION:***** If there is an explanation: Does the explanation include subjective or biased criteria?", "index": 942}, {"instruction": "Categorize the following statement as either a fact or opinion:\n\"Eating too much sugar is unhealthy\"", "input": "", "output": "The statement \"Eating too much sugar is unhealthy\" can be classified as a fact. This is because there are numerous scientific studies and research data that support the idea that excessive intake of sugar can have negative health effects, such as increased risk of obesity, diabetes, heart diseases, and tooth decay.", "all_data": "*****INSTRUCTION:***** Categorize the following statement as either a fact or opinion:\n\"Eating too much sugar is unhealthy\"\n\n*****OUTPUT:***** The statement \"Eating too much sugar is unhealthy\" can be classified as a fact. This is because there are numerous scientific studies and research data that support the idea that excessive intake of sugar can have negative health effects, such as increased risk of obesity, diabetes, heart diseases, and tooth decay.\n*****QUESTION:***** If there is an explanation: Does the explanation include illustrative elements (e.g. examples)?", "index": 943}, {"instruction": "Categorize the following statement as either a fact or opinion:\n\"Eating too much sugar is unhealthy\"", "input": "", "output": "The statement \"Eating too much sugar is unhealthy\" can be classified as a fact. This is because there are numerous scientific studies and research data that support the idea that excessive intake of sugar can have negative health effects, such as increased risk of obesity, diabetes, heart diseases, and tooth decay.", "all_data": "*****INSTRUCTION:***** Categorize the following statement as either a fact or opinion:\n\"Eating too much sugar is unhealthy\"\n\n*****OUTPUT:***** The statement \"Eating too much sugar is unhealthy\" can be classified as a fact. This is because there are numerous scientific studies and research data that support the idea that excessive intake of sugar can have negative health effects, such as increased risk of obesity, diabetes, heart diseases, and tooth decay.\n*****QUESTION:***** If there is an explanation: Is the explanation misleading (e.g. arguing for a label that is wrong)?", "index": 944}, {"instruction": "Check if the given sentence is correct.", "input": "The tree is tall and strong over.", "output": "No, the sentence is not correct as the word \"over\" is misplaced and does not fit grammatically in the sentence. A revised sentence could be \"The tree is tall and strong.\"", "all_data": "*****INSTRUCTION:***** Check if the given sentence is correct.\nThe tree is tall and strong over.\n*****OUTPUT:***** No, the sentence is not correct as the word \"over\" is misplaced and does not fit grammatically in the sentence. A revised sentence could be \"The tree is tall and strong.\"\n*****QUESTION:***** Does the output contain an explanation for the prediction?", "index": 945}, {"instruction": "Check if the given sentence is correct.", "input": "The tree is tall and strong over.", "output": "No, the sentence is not correct as the word \"over\" is misplaced and does not fit grammatically in the sentence. A revised sentence could be \"The tree is tall and strong.\"", "all_data": "*****INSTRUCTION:***** Check if the given sentence is correct.\nThe tree is tall and strong over.\n*****OUTPUT:***** No, the sentence is not correct as the word \"over\" is misplaced and does not fit grammatically in the sentence. A revised sentence could be \"The tree is tall and strong.\"\n*****QUESTION:***** Would you give an explanation/justify your reasoning if you were asked this question by a friend?", "index": 946}, {"instruction": "Check if the given sentence is correct.", "input": "The tree is tall and strong over.", "output": "No, the sentence is not correct as the word \"over\" is misplaced and does not fit grammatically in the sentence. A revised sentence could be \"The tree is tall and strong.\"", "all_data": "*****INSTRUCTION:***** Check if the given sentence is correct.\nThe tree is tall and strong over.\n*****OUTPUT:***** No, the sentence is not correct as the word \"over\" is misplaced and does not fit grammatically in the sentence. A revised sentence could be \"The tree is tall and strong.\"\n*****QUESTION:***** If there is an explanation: Does the explanation refer to commonsense concepts that are taken as given?", "index": 947}, {"instruction": "Check if the given sentence is correct.", "input": "The tree is tall and strong over.", "output": "No, the sentence is not correct as the word \"over\" is misplaced and does not fit grammatically in the sentence. A revised sentence could be \"The tree is tall and strong.\"", "all_data": "*****INSTRUCTION:***** Check if the given sentence is correct.\nThe tree is tall and strong over.\n*****OUTPUT:***** No, the sentence is not correct as the word \"over\" is misplaced and does not fit grammatically in the sentence. A revised sentence could be \"The tree is tall and strong.\"\n*****QUESTION:***** If there is an explanation: Does the explanation list contributing factors?", "index": 948}, {"instruction": "Check if the given sentence is correct.", "input": "The tree is tall and strong over.", "output": "No, the sentence is not correct as the word \"over\" is misplaced and does not fit grammatically in the sentence. A revised sentence could be \"The tree is tall and strong.\"", "all_data": "*****INSTRUCTION:***** Check if the given sentence is correct.\nThe tree is tall and strong over.\n*****OUTPUT:***** No, the sentence is not correct as the word \"over\" is misplaced and does not fit grammatically in the sentence. A revised sentence could be \"The tree is tall and strong.\"\n*****QUESTION:***** If there is an explanation: Does the explanation include subjective or biased criteria?", "index": 949}, {"instruction": "Check if the given sentence is correct.", "input": "The tree is tall and strong over.", "output": "No, the sentence is not correct as the word \"over\" is misplaced and does not fit grammatically in the sentence. A revised sentence could be \"The tree is tall and strong.\"", "all_data": "*****INSTRUCTION:***** Check if the given sentence is correct.\nThe tree is tall and strong over.\n*****OUTPUT:***** No, the sentence is not correct as the word \"over\" is misplaced and does not fit grammatically in the sentence. A revised sentence could be \"The tree is tall and strong.\"\n*****QUESTION:***** If there is an explanation: Does the explanation include illustrative elements (e.g. examples)?", "index": 950}, {"instruction": "Check if the given sentence is correct.", "input": "The tree is tall and strong over.", "output": "No, the sentence is not correct as the word \"over\" is misplaced and does not fit grammatically in the sentence. A revised sentence could be \"The tree is tall and strong.\"", "all_data": "*****INSTRUCTION:***** Check if the given sentence is correct.\nThe tree is tall and strong over.\n*****OUTPUT:***** No, the sentence is not correct as the word \"over\" is misplaced and does not fit grammatically in the sentence. A revised sentence could be \"The tree is tall and strong.\"\n*****QUESTION:***** If there is an explanation: Is the explanation misleading (e.g. arguing for a label that is wrong)?", "index": 951}, {"instruction": "Choose the most suitable word for the context.", "input": "They witnessed the _______ of the sun.", "output": "They witnessed the **rise** of the sun.", "all_data": "*****INSTRUCTION:***** Choose the most suitable word for the context.\nThey witnessed the _______ of the sun.\n*****OUTPUT:***** They witnessed the **rise** of the sun.\n*****QUESTION:***** Does the output contain an explanation for the prediction?", "index": 952}, {"instruction": "Choose the most suitable word for the context.", "input": "They witnessed the _______ of the sun.", "output": "They witnessed the **rise** of the sun.", "all_data": "*****INSTRUCTION:***** Choose the most suitable word for the context.\nThey witnessed the _______ of the sun.\n*****OUTPUT:***** They witnessed the **rise** of the sun.\n*****QUESTION:***** Would you give an explanation/justify your reasoning if you were asked this question by a friend?", "index": 953}, {"instruction": "Choose the most suitable word for the context.", "input": "They witnessed the _______ of the sun.", "output": "They witnessed the **rise** of the sun.", "all_data": "*****INSTRUCTION:***** Choose the most suitable word for the context.\nThey witnessed the _______ of the sun.\n*****OUTPUT:***** They witnessed the **rise** of the sun.\n*****QUESTION:***** If there is an explanation: Does the explanation refer to commonsense concepts that are taken as given?", "index": 954}, {"instruction": "Choose the most suitable word for the context.", "input": "They witnessed the _______ of the sun.", "output": "They witnessed the **rise** of the sun.", "all_data": "*****INSTRUCTION:***** Choose the most suitable word for the context.\nThey witnessed the _______ of the sun.\n*****OUTPUT:***** They witnessed the **rise** of the sun.\n*****QUESTION:***** If there is an explanation: Does the explanation list contributing factors?", "index": 955}, {"instruction": "Choose the most suitable word for the context.", "input": "They witnessed the _______ of the sun.", "output": "They witnessed the **rise** of the sun.", "all_data": "*****INSTRUCTION:***** Choose the most suitable word for the context.\nThey witnessed the _______ of the sun.\n*****OUTPUT:***** They witnessed the **rise** of the sun.\n*****QUESTION:***** If there is an explanation: Does the explanation include subjective or biased criteria?", "index": 956}, {"instruction": "Choose the most suitable word for the context.", "input": "They witnessed the _______ of the sun.", "output": "They witnessed the **rise** of the sun.", "all_data": "*****INSTRUCTION:***** Choose the most suitable word for the context.\nThey witnessed the _______ of the sun.\n*****OUTPUT:***** They witnessed the **rise** of the sun.\n*****QUESTION:***** If there is an explanation: Does the explanation include illustrative elements (e.g. examples)?", "index": 957}, {"instruction": "Choose the most suitable word for the context.", "input": "They witnessed the _______ of the sun.", "output": "They witnessed the **rise** of the sun.", "all_data": "*****INSTRUCTION:***** Choose the most suitable word for the context.\nThey witnessed the _______ of the sun.\n*****OUTPUT:***** They witnessed the **rise** of the sun.\n*****QUESTION:***** If there is an explanation: Is the explanation misleading (e.g. arguing for a label that is wrong)?", "index": 958}, {"instruction": "Create a CSS rule that changes the background color of a link when the mouse is over it.", "input": "", "output": "Here is a CSS rule that can accomplish this:\n\n```css\na:hover {\n    background-color: #ADD8E6; /* You can change this color to whatever you prefer */\n}\n```\n\nWith this rule, whenever a user hovers their mouse over a link (`a`), the `background-color` property is changed to light blue (`#ADD8E6`). Note that you can change the color to anything you prefer by using a different hex code or color name.", "all_data": "*****INSTRUCTION:***** Create a CSS rule that changes the background color of a link when the mouse is over it.\n\n*****OUTPUT:***** Here is a CSS rule that can accomplish this:\n\n```css\na:hover {\n    background-color: #ADD8E6; /* You can change this color to whatever you prefer */\n}\n```\n\nWith this rule, whenever a user hovers their mouse over a link (`a`), the `background-color` property is changed to light blue (`#ADD8E6`). Note that you can change the color to anything you prefer by using a different hex code or color name.\n*****QUESTION:***** Does the output contain an explanation for the prediction?", "index": 959}, {"instruction": "Create a CSS rule that changes the background color of a link when the mouse is over it.", "input": "", "output": "Here is a CSS rule that can accomplish this:\n\n```css\na:hover {\n    background-color: #ADD8E6; /* You can change this color to whatever you prefer */\n}\n```\n\nWith this rule, whenever a user hovers their mouse over a link (`a`), the `background-color` property is changed to light blue (`#ADD8E6`). Note that you can change the color to anything you prefer by using a different hex code or color name.", "all_data": "*****INSTRUCTION:***** Create a CSS rule that changes the background color of a link when the mouse is over it.\n\n*****OUTPUT:***** Here is a CSS rule that can accomplish this:\n\n```css\na:hover {\n    background-color: #ADD8E6; /* You can change this color to whatever you prefer */\n}\n```\n\nWith this rule, whenever a user hovers their mouse over a link (`a`), the `background-color` property is changed to light blue (`#ADD8E6`). Note that you can change the color to anything you prefer by using a different hex code or color name.\n*****QUESTION:***** Would you give an explanation/justify your reasoning if you were asked this question by a friend?", "index": 960}, {"instruction": "Create a CSS rule that changes the background color of a link when the mouse is over it.", "input": "", "output": "Here is a CSS rule that can accomplish this:\n\n```css\na:hover {\n    background-color: #ADD8E6; /* You can change this color to whatever you prefer */\n}\n```\n\nWith this rule, whenever a user hovers their mouse over a link (`a`), the `background-color` property is changed to light blue (`#ADD8E6`). Note that you can change the color to anything you prefer by using a different hex code or color name.", "all_data": "*****INSTRUCTION:***** Create a CSS rule that changes the background color of a link when the mouse is over it.\n\n*****OUTPUT:***** Here is a CSS rule that can accomplish this:\n\n```css\na:hover {\n    background-color: #ADD8E6; /* You can change this color to whatever you prefer */\n}\n```\n\nWith this rule, whenever a user hovers their mouse over a link (`a`), the `background-color` property is changed to light blue (`#ADD8E6`). Note that you can change the color to anything you prefer by using a different hex code or color name.\n*****QUESTION:***** If there is an explanation: Does the explanation refer to commonsense concepts that are taken as given?", "index": 961}, {"instruction": "Create a CSS rule that changes the background color of a link when the mouse is over it.", "input": "", "output": "Here is a CSS rule that can accomplish this:\n\n```css\na:hover {\n    background-color: #ADD8E6; /* You can change this color to whatever you prefer */\n}\n```\n\nWith this rule, whenever a user hovers their mouse over a link (`a`), the `background-color` property is changed to light blue (`#ADD8E6`). Note that you can change the color to anything you prefer by using a different hex code or color name.", "all_data": "*****INSTRUCTION:***** Create a CSS rule that changes the background color of a link when the mouse is over it.\n\n*****OUTPUT:***** Here is a CSS rule that can accomplish this:\n\n```css\na:hover {\n    background-color: #ADD8E6; /* You can change this color to whatever you prefer */\n}\n```\n\nWith this rule, whenever a user hovers their mouse over a link (`a`), the `background-color` property is changed to light blue (`#ADD8E6`). Note that you can change the color to anything you prefer by using a different hex code or color name.\n*****QUESTION:***** If there is an explanation: Does the explanation list contributing factors?", "index": 962}, {"instruction": "Create a CSS rule that changes the background color of a link when the mouse is over it.", "input": "", "output": "Here is a CSS rule that can accomplish this:\n\n```css\na:hover {\n    background-color: #ADD8E6; /* You can change this color to whatever you prefer */\n}\n```\n\nWith this rule, whenever a user hovers their mouse over a link (`a`), the `background-color` property is changed to light blue (`#ADD8E6`). Note that you can change the color to anything you prefer by using a different hex code or color name.", "all_data": "*****INSTRUCTION:***** Create a CSS rule that changes the background color of a link when the mouse is over it.\n\n*****OUTPUT:***** Here is a CSS rule that can accomplish this:\n\n```css\na:hover {\n    background-color: #ADD8E6; /* You can change this color to whatever you prefer */\n}\n```\n\nWith this rule, whenever a user hovers their mouse over a link (`a`), the `background-color` property is changed to light blue (`#ADD8E6`). Note that you can change the color to anything you prefer by using a different hex code or color name.\n*****QUESTION:***** If there is an explanation: Does the explanation include subjective or biased criteria?", "index": 963}, {"instruction": "Create a CSS rule that changes the background color of a link when the mouse is over it.", "input": "", "output": "Here is a CSS rule that can accomplish this:\n\n```css\na:hover {\n    background-color: #ADD8E6; /* You can change this color to whatever you prefer */\n}\n```\n\nWith this rule, whenever a user hovers their mouse over a link (`a`), the `background-color` property is changed to light blue (`#ADD8E6`). Note that you can change the color to anything you prefer by using a different hex code or color name.", "all_data": "*****INSTRUCTION:***** Create a CSS rule that changes the background color of a link when the mouse is over it.\n\n*****OUTPUT:***** Here is a CSS rule that can accomplish this:\n\n```css\na:hover {\n    background-color: #ADD8E6; /* You can change this color to whatever you prefer */\n}\n```\n\nWith this rule, whenever a user hovers their mouse over a link (`a`), the `background-color` property is changed to light blue (`#ADD8E6`). Note that you can change the color to anything you prefer by using a different hex code or color name.\n*****QUESTION:***** If there is an explanation: Does the explanation include illustrative elements (e.g. examples)?", "index": 964}, {"instruction": "Create a CSS rule that changes the background color of a link when the mouse is over it.", "input": "", "output": "Here is a CSS rule that can accomplish this:\n\n```css\na:hover {\n    background-color: #ADD8E6; /* You can change this color to whatever you prefer */\n}\n```\n\nWith this rule, whenever a user hovers their mouse over a link (`a`), the `background-color` property is changed to light blue (`#ADD8E6`). Note that you can change the color to anything you prefer by using a different hex code or color name.", "all_data": "*****INSTRUCTION:***** Create a CSS rule that changes the background color of a link when the mouse is over it.\n\n*****OUTPUT:***** Here is a CSS rule that can accomplish this:\n\n```css\na:hover {\n    background-color: #ADD8E6; /* You can change this color to whatever you prefer */\n}\n```\n\nWith this rule, whenever a user hovers their mouse over a link (`a`), the `background-color` property is changed to light blue (`#ADD8E6`). Note that you can change the color to anything you prefer by using a different hex code or color name.\n*****QUESTION:***** If there is an explanation: Is the explanation misleading (e.g. arguing for a label that is wrong)?", "index": 965}, {"instruction": "Does the following sentence contain a run-on?", "input": "I walked to the park and I ordered a hotdog.", "output": "No, the sentence is not a run-on. It contains two independent clauses separated by a coordinating conjunction 'and', which is an acceptable way of joining two clauses.", "all_data": "*****INSTRUCTION:***** Does the following sentence contain a run-on?\nI walked to the park and I ordered a hotdog.\n*****OUTPUT:***** No, the sentence is not a run-on. It contains two independent clauses separated by a coordinating conjunction 'and', which is an acceptable way of joining two clauses.\n*****QUESTION:***** Does the output contain an explanation for the prediction?", "index": 966}, {"instruction": "Does the following sentence contain a run-on?", "input": "I walked to the park and I ordered a hotdog.", "output": "No, the sentence is not a run-on. It contains two independent clauses separated by a coordinating conjunction 'and', which is an acceptable way of joining two clauses.", "all_data": "*****INSTRUCTION:***** Does the following sentence contain a run-on?\nI walked to the park and I ordered a hotdog.\n*****OUTPUT:***** No, the sentence is not a run-on. It contains two independent clauses separated by a coordinating conjunction 'and', which is an acceptable way of joining two clauses.\n*****QUESTION:***** Would you give an explanation/justify your reasoning if you were asked this question by a friend?", "index": 967}, {"instruction": "Does the following sentence contain a run-on?", "input": "I walked to the park and I ordered a hotdog.", "output": "No, the sentence is not a run-on. It contains two independent clauses separated by a coordinating conjunction 'and', which is an acceptable way of joining two clauses.", "all_data": "*****INSTRUCTION:***** Does the following sentence contain a run-on?\nI walked to the park and I ordered a hotdog.\n*****OUTPUT:***** No, the sentence is not a run-on. It contains two independent clauses separated by a coordinating conjunction 'and', which is an acceptable way of joining two clauses.\n*****QUESTION:***** If there is an explanation: Does the explanation refer to commonsense concepts that are taken as given?", "index": 968}, {"instruction": "Does the following sentence contain a run-on?", "input": "I walked to the park and I ordered a hotdog.", "output": "No, the sentence is not a run-on. It contains two independent clauses separated by a coordinating conjunction 'and', which is an acceptable way of joining two clauses.", "all_data": "*****INSTRUCTION:***** Does the following sentence contain a run-on?\nI walked to the park and I ordered a hotdog.\n*****OUTPUT:***** No, the sentence is not a run-on. It contains two independent clauses separated by a coordinating conjunction 'and', which is an acceptable way of joining two clauses.\n*****QUESTION:***** If there is an explanation: Does the explanation list contributing factors?", "index": 969}, {"instruction": "Does the following sentence contain a run-on?", "input": "I walked to the park and I ordered a hotdog.", "output": "No, the sentence is not a run-on. It contains two independent clauses separated by a coordinating conjunction 'and', which is an acceptable way of joining two clauses.", "all_data": "*****INSTRUCTION:***** Does the following sentence contain a run-on?\nI walked to the park and I ordered a hotdog.\n*****OUTPUT:***** No, the sentence is not a run-on. It contains two independent clauses separated by a coordinating conjunction 'and', which is an acceptable way of joining two clauses.\n*****QUESTION:***** If there is an explanation: Does the explanation include subjective or biased criteria?", "index": 970}, {"instruction": "Does the following sentence contain a run-on?", "input": "I walked to the park and I ordered a hotdog.", "output": "No, the sentence is not a run-on. It contains two independent clauses separated by a coordinating conjunction 'and', which is an acceptable way of joining two clauses.", "all_data": "*****INSTRUCTION:***** Does the following sentence contain a run-on?\nI walked to the park and I ordered a hotdog.\n*****OUTPUT:***** No, the sentence is not a run-on. It contains two independent clauses separated by a coordinating conjunction 'and', which is an acceptable way of joining two clauses.\n*****QUESTION:***** If there is an explanation: Does the explanation include illustrative elements (e.g. examples)?", "index": 971}, {"instruction": "Does the following sentence contain a run-on?", "input": "I walked to the park and I ordered a hotdog.", "output": "No, the sentence is not a run-on. It contains two independent clauses separated by a coordinating conjunction 'and', which is an acceptable way of joining two clauses.", "all_data": "*****INSTRUCTION:***** Does the following sentence contain a run-on?\nI walked to the park and I ordered a hotdog.\n*****OUTPUT:***** No, the sentence is not a run-on. It contains two independent clauses separated by a coordinating conjunction 'and', which is an acceptable way of joining two clauses.\n*****QUESTION:***** If there is an explanation: Is the explanation misleading (e.g. arguing for a label that is wrong)?", "index": 972}, {"instruction": "Given this sentence, predict the part of speech of the word \u201cgroomed\u201d\n\nHe groomed the puppy until it was perfectly clean", "input": "", "output": "The word \u201cgroomed\u201d in this sentence is a verb.", "all_data": "*****INSTRUCTION:***** Given this sentence, predict the part of speech of the word \u201cgroomed\u201d\n\nHe groomed the puppy until it was perfectly clean\n\n*****OUTPUT:***** The word \u201cgroomed\u201d in this sentence is a verb.\n*****QUESTION:***** Does the output contain an explanation for the prediction?", "index": 973}, {"instruction": "Given this sentence, predict the part of speech of the word \u201cgroomed\u201d\n\nHe groomed the puppy until it was perfectly clean", "input": "", "output": "The word \u201cgroomed\u201d in this sentence is a verb.", "all_data": "*****INSTRUCTION:***** Given this sentence, predict the part of speech of the word \u201cgroomed\u201d\n\nHe groomed the puppy until it was perfectly clean\n\n*****OUTPUT:***** The word \u201cgroomed\u201d in this sentence is a verb.\n*****QUESTION:***** Would you give an explanation/justify your reasoning if you were asked this question by a friend?", "index": 974}, {"instruction": "Given this sentence, predict the part of speech of the word \u201cgroomed\u201d\n\nHe groomed the puppy until it was perfectly clean", "input": "", "output": "The word \u201cgroomed\u201d in this sentence is a verb.", "all_data": "*****INSTRUCTION:***** Given this sentence, predict the part of speech of the word \u201cgroomed\u201d\n\nHe groomed the puppy until it was perfectly clean\n\n*****OUTPUT:***** The word \u201cgroomed\u201d in this sentence is a verb.\n*****QUESTION:***** If there is an explanation: Does the explanation refer to commonsense concepts that are taken as given?", "index": 975}, {"instruction": "Given this sentence, predict the part of speech of the word \u201cgroomed\u201d\n\nHe groomed the puppy until it was perfectly clean", "input": "", "output": "The word \u201cgroomed\u201d in this sentence is a verb.", "all_data": "*****INSTRUCTION:***** Given this sentence, predict the part of speech of the word \u201cgroomed\u201d\n\nHe groomed the puppy until it was perfectly clean\n\n*****OUTPUT:***** The word \u201cgroomed\u201d in this sentence is a verb.\n*****QUESTION:***** If there is an explanation: Does the explanation list contributing factors?", "index": 976}, {"instruction": "Given this sentence, predict the part of speech of the word \u201cgroomed\u201d\n\nHe groomed the puppy until it was perfectly clean", "input": "", "output": "The word \u201cgroomed\u201d in this sentence is a verb.", "all_data": "*****INSTRUCTION:***** Given this sentence, predict the part of speech of the word \u201cgroomed\u201d\n\nHe groomed the puppy until it was perfectly clean\n\n*****OUTPUT:***** The word \u201cgroomed\u201d in this sentence is a verb.\n*****QUESTION:***** If there is an explanation: Does the explanation include subjective or biased criteria?", "index": 977}, {"instruction": "Given this sentence, predict the part of speech of the word \u201cgroomed\u201d\n\nHe groomed the puppy until it was perfectly clean", "input": "", "output": "The word \u201cgroomed\u201d in this sentence is a verb.", "all_data": "*****INSTRUCTION:***** Given this sentence, predict the part of speech of the word \u201cgroomed\u201d\n\nHe groomed the puppy until it was perfectly clean\n\n*****OUTPUT:***** The word \u201cgroomed\u201d in this sentence is a verb.\n*****QUESTION:***** If there is an explanation: Does the explanation include illustrative elements (e.g. examples)?", "index": 978}, {"instruction": "Given this sentence, predict the part of speech of the word \u201cgroomed\u201d\n\nHe groomed the puppy until it was perfectly clean", "input": "", "output": "The word \u201cgroomed\u201d in this sentence is a verb.", "all_data": "*****INSTRUCTION:***** Given this sentence, predict the part of speech of the word \u201cgroomed\u201d\n\nHe groomed the puppy until it was perfectly clean\n\n*****OUTPUT:***** The word \u201cgroomed\u201d in this sentence is a verb.\n*****QUESTION:***** If there is an explanation: Is the explanation misleading (e.g. arguing for a label that is wrong)?", "index": 979}, {"instruction": "Name three common methods of identity verification.", "input": "", "output": "Three common methods of identity verification include:\n\n1. **Knowledge-based authentication (KBA):** This method verifies an individual's identity by asking a set of security questions that are often personal and only the individual should know the answers to, such as \"What was your first pet's name?\" or \"Which street did you grow up on?\".\n\n2. **Two-Factor Authentication (2FA)/Multi-Factor Authentication (MFA):** This method uses two or more factors to verify identity, such as something the user knows (a password, for example), something the user has (a physical token or a smart card), and/or something the user is (biometric data such as fingerprints or facial recognition).\n\n3. **Document Verification/KYC (Know Your Customer):** This method verifies identity by checking government-issued identification documents such as passports, driver's licenses, or national ID cards. The verification process can be carried out in person, where the individual presents the documents to a representative or via online check tools, which can verify the authenticity of the documents, the user's identity, and perform background checks.", "all_data": "*****INSTRUCTION:***** Name three common methods of identity verification.\n\n*****OUTPUT:***** Three common methods of identity verification include:\n\n1. **Knowledge-based authentication (KBA):** This method verifies an individual's identity by asking a set of security questions that are often personal and only the individual should know the answers to, such as \"What was your first pet's name?\" or \"Which street did you grow up on?\".\n\n2. **Two-Factor Authentication (2FA)/Multi-Factor Authentication (MFA):** This method uses two or more factors to verify identity, such as something the user knows (a password, for example), something the user has (a physical token or a smart card), and/or something the user is (biometric data such as fingerprints or facial recognition).\n\n3. **Document Verification/KYC (Know Your Customer):** This method verifies identity by checking government-issued identification documents such as passports, driver's licenses, or national ID cards. The verification process can be carried out in person, where the individual presents the documents to a representative or via online check tools, which can verify the authenticity of the documents, the user's identity, and perform background checks.\n*****QUESTION:***** Does the output contain an explanation for the prediction?", "index": 980}, {"instruction": "Name three common methods of identity verification.", "input": "", "output": "Three common methods of identity verification include:\n\n1. **Knowledge-based authentication (KBA):** This method verifies an individual's identity by asking a set of security questions that are often personal and only the individual should know the answers to, such as \"What was your first pet's name?\" or \"Which street did you grow up on?\".\n\n2. **Two-Factor Authentication (2FA)/Multi-Factor Authentication (MFA):** This method uses two or more factors to verify identity, such as something the user knows (a password, for example), something the user has (a physical token or a smart card), and/or something the user is (biometric data such as fingerprints or facial recognition).\n\n3. **Document Verification/KYC (Know Your Customer):** This method verifies identity by checking government-issued identification documents such as passports, driver's licenses, or national ID cards. The verification process can be carried out in person, where the individual presents the documents to a representative or via online check tools, which can verify the authenticity of the documents, the user's identity, and perform background checks.", "all_data": "*****INSTRUCTION:***** Name three common methods of identity verification.\n\n*****OUTPUT:***** Three common methods of identity verification include:\n\n1. **Knowledge-based authentication (KBA):** This method verifies an individual's identity by asking a set of security questions that are often personal and only the individual should know the answers to, such as \"What was your first pet's name?\" or \"Which street did you grow up on?\".\n\n2. **Two-Factor Authentication (2FA)/Multi-Factor Authentication (MFA):** This method uses two or more factors to verify identity, such as something the user knows (a password, for example), something the user has (a physical token or a smart card), and/or something the user is (biometric data such as fingerprints or facial recognition).\n\n3. **Document Verification/KYC (Know Your Customer):** This method verifies identity by checking government-issued identification documents such as passports, driver's licenses, or national ID cards. The verification process can be carried out in person, where the individual presents the documents to a representative or via online check tools, which can verify the authenticity of the documents, the user's identity, and perform background checks.\n*****QUESTION:***** Would you give an explanation/justify your reasoning if you were asked this question by a friend?", "index": 981}, {"instruction": "Name three common methods of identity verification.", "input": "", "output": "Three common methods of identity verification include:\n\n1. **Knowledge-based authentication (KBA):** This method verifies an individual's identity by asking a set of security questions that are often personal and only the individual should know the answers to, such as \"What was your first pet's name?\" or \"Which street did you grow up on?\".\n\n2. **Two-Factor Authentication (2FA)/Multi-Factor Authentication (MFA):** This method uses two or more factors to verify identity, such as something the user knows (a password, for example), something the user has (a physical token or a smart card), and/or something the user is (biometric data such as fingerprints or facial recognition).\n\n3. **Document Verification/KYC (Know Your Customer):** This method verifies identity by checking government-issued identification documents such as passports, driver's licenses, or national ID cards. The verification process can be carried out in person, where the individual presents the documents to a representative or via online check tools, which can verify the authenticity of the documents, the user's identity, and perform background checks.", "all_data": "*****INSTRUCTION:***** Name three common methods of identity verification.\n\n*****OUTPUT:***** Three common methods of identity verification include:\n\n1. **Knowledge-based authentication (KBA):** This method verifies an individual's identity by asking a set of security questions that are often personal and only the individual should know the answers to, such as \"What was your first pet's name?\" or \"Which street did you grow up on?\".\n\n2. **Two-Factor Authentication (2FA)/Multi-Factor Authentication (MFA):** This method uses two or more factors to verify identity, such as something the user knows (a password, for example), something the user has (a physical token or a smart card), and/or something the user is (biometric data such as fingerprints or facial recognition).\n\n3. **Document Verification/KYC (Know Your Customer):** This method verifies identity by checking government-issued identification documents such as passports, driver's licenses, or national ID cards. The verification process can be carried out in person, where the individual presents the documents to a representative or via online check tools, which can verify the authenticity of the documents, the user's identity, and perform background checks.\n*****QUESTION:***** If there is an explanation: Does the explanation refer to commonsense concepts that are taken as given?", "index": 982}, {"instruction": "Name three common methods of identity verification.", "input": "", "output": "Three common methods of identity verification include:\n\n1. **Knowledge-based authentication (KBA):** This method verifies an individual's identity by asking a set of security questions that are often personal and only the individual should know the answers to, such as \"What was your first pet's name?\" or \"Which street did you grow up on?\".\n\n2. **Two-Factor Authentication (2FA)/Multi-Factor Authentication (MFA):** This method uses two or more factors to verify identity, such as something the user knows (a password, for example), something the user has (a physical token or a smart card), and/or something the user is (biometric data such as fingerprints or facial recognition).\n\n3. **Document Verification/KYC (Know Your Customer):** This method verifies identity by checking government-issued identification documents such as passports, driver's licenses, or national ID cards. The verification process can be carried out in person, where the individual presents the documents to a representative or via online check tools, which can verify the authenticity of the documents, the user's identity, and perform background checks.", "all_data": "*****INSTRUCTION:***** Name three common methods of identity verification.\n\n*****OUTPUT:***** Three common methods of identity verification include:\n\n1. **Knowledge-based authentication (KBA):** This method verifies an individual's identity by asking a set of security questions that are often personal and only the individual should know the answers to, such as \"What was your first pet's name?\" or \"Which street did you grow up on?\".\n\n2. **Two-Factor Authentication (2FA)/Multi-Factor Authentication (MFA):** This method uses two or more factors to verify identity, such as something the user knows (a password, for example), something the user has (a physical token or a smart card), and/or something the user is (biometric data such as fingerprints or facial recognition).\n\n3. **Document Verification/KYC (Know Your Customer):** This method verifies identity by checking government-issued identification documents such as passports, driver's licenses, or national ID cards. The verification process can be carried out in person, where the individual presents the documents to a representative or via online check tools, which can verify the authenticity of the documents, the user's identity, and perform background checks.\n*****QUESTION:***** If there is an explanation: Does the explanation list contributing factors?", "index": 983}, {"instruction": "Name three common methods of identity verification.", "input": "", "output": "Three common methods of identity verification include:\n\n1. **Knowledge-based authentication (KBA):** This method verifies an individual's identity by asking a set of security questions that are often personal and only the individual should know the answers to, such as \"What was your first pet's name?\" or \"Which street did you grow up on?\".\n\n2. **Two-Factor Authentication (2FA)/Multi-Factor Authentication (MFA):** This method uses two or more factors to verify identity, such as something the user knows (a password, for example), something the user has (a physical token or a smart card), and/or something the user is (biometric data such as fingerprints or facial recognition).\n\n3. **Document Verification/KYC (Know Your Customer):** This method verifies identity by checking government-issued identification documents such as passports, driver's licenses, or national ID cards. The verification process can be carried out in person, where the individual presents the documents to a representative or via online check tools, which can verify the authenticity of the documents, the user's identity, and perform background checks.", "all_data": "*****INSTRUCTION:***** Name three common methods of identity verification.\n\n*****OUTPUT:***** Three common methods of identity verification include:\n\n1. **Knowledge-based authentication (KBA):** This method verifies an individual's identity by asking a set of security questions that are often personal and only the individual should know the answers to, such as \"What was your first pet's name?\" or \"Which street did you grow up on?\".\n\n2. **Two-Factor Authentication (2FA)/Multi-Factor Authentication (MFA):** This method uses two or more factors to verify identity, such as something the user knows (a password, for example), something the user has (a physical token or a smart card), and/or something the user is (biometric data such as fingerprints or facial recognition).\n\n3. **Document Verification/KYC (Know Your Customer):** This method verifies identity by checking government-issued identification documents such as passports, driver's licenses, or national ID cards. The verification process can be carried out in person, where the individual presents the documents to a representative or via online check tools, which can verify the authenticity of the documents, the user's identity, and perform background checks.\n*****QUESTION:***** If there is an explanation: Does the explanation include subjective or biased criteria?", "index": 984}, {"instruction": "Name three common methods of identity verification.", "input": "", "output": "Three common methods of identity verification include:\n\n1. **Knowledge-based authentication (KBA):** This method verifies an individual's identity by asking a set of security questions that are often personal and only the individual should know the answers to, such as \"What was your first pet's name?\" or \"Which street did you grow up on?\".\n\n2. **Two-Factor Authentication (2FA)/Multi-Factor Authentication (MFA):** This method uses two or more factors to verify identity, such as something the user knows (a password, for example), something the user has (a physical token or a smart card), and/or something the user is (biometric data such as fingerprints or facial recognition).\n\n3. **Document Verification/KYC (Know Your Customer):** This method verifies identity by checking government-issued identification documents such as passports, driver's licenses, or national ID cards. The verification process can be carried out in person, where the individual presents the documents to a representative or via online check tools, which can verify the authenticity of the documents, the user's identity, and perform background checks.", "all_data": "*****INSTRUCTION:***** Name three common methods of identity verification.\n\n*****OUTPUT:***** Three common methods of identity verification include:\n\n1. **Knowledge-based authentication (KBA):** This method verifies an individual's identity by asking a set of security questions that are often personal and only the individual should know the answers to, such as \"What was your first pet's name?\" or \"Which street did you grow up on?\".\n\n2. **Two-Factor Authentication (2FA)/Multi-Factor Authentication (MFA):** This method uses two or more factors to verify identity, such as something the user knows (a password, for example), something the user has (a physical token or a smart card), and/or something the user is (biometric data such as fingerprints or facial recognition).\n\n3. **Document Verification/KYC (Know Your Customer):** This method verifies identity by checking government-issued identification documents such as passports, driver's licenses, or national ID cards. The verification process can be carried out in person, where the individual presents the documents to a representative or via online check tools, which can verify the authenticity of the documents, the user's identity, and perform background checks.\n*****QUESTION:***** If there is an explanation: Does the explanation include illustrative elements (e.g. examples)?", "index": 985}, {"instruction": "Name three common methods of identity verification.", "input": "", "output": "Three common methods of identity verification include:\n\n1. **Knowledge-based authentication (KBA):** This method verifies an individual's identity by asking a set of security questions that are often personal and only the individual should know the answers to, such as \"What was your first pet's name?\" or \"Which street did you grow up on?\".\n\n2. **Two-Factor Authentication (2FA)/Multi-Factor Authentication (MFA):** This method uses two or more factors to verify identity, such as something the user knows (a password, for example), something the user has (a physical token or a smart card), and/or something the user is (biometric data such as fingerprints or facial recognition).\n\n3. **Document Verification/KYC (Know Your Customer):** This method verifies identity by checking government-issued identification documents such as passports, driver's licenses, or national ID cards. The verification process can be carried out in person, where the individual presents the documents to a representative or via online check tools, which can verify the authenticity of the documents, the user's identity, and perform background checks.", "all_data": "*****INSTRUCTION:***** Name three common methods of identity verification.\n\n*****OUTPUT:***** Three common methods of identity verification include:\n\n1. **Knowledge-based authentication (KBA):** This method verifies an individual's identity by asking a set of security questions that are often personal and only the individual should know the answers to, such as \"What was your first pet's name?\" or \"Which street did you grow up on?\".\n\n2. **Two-Factor Authentication (2FA)/Multi-Factor Authentication (MFA):** This method uses two or more factors to verify identity, such as something the user knows (a password, for example), something the user has (a physical token or a smart card), and/or something the user is (biometric data such as fingerprints or facial recognition).\n\n3. **Document Verification/KYC (Know Your Customer):** This method verifies identity by checking government-issued identification documents such as passports, driver's licenses, or national ID cards. The verification process can be carried out in person, where the individual presents the documents to a representative or via online check tools, which can verify the authenticity of the documents, the user's identity, and perform background checks.\n*****QUESTION:***** If there is an explanation: Is the explanation misleading (e.g. arguing for a label that is wrong)?", "index": 986}, {"instruction": "Calculate the following expression: 3x + 10", "input": "x = 4", "output": "The value of the expression 3x + 10 when x = 4 is 3 * 4 + 10 = 12 + 10 = 22.", "all_data": "*****INSTRUCTION:***** Calculate the following expression: 3x + 10\nx = 4\n*****OUTPUT:***** The value of the expression 3x + 10 when x = 4 is 3 * 4 + 10 = 12 + 10 = 22.\n*****QUESTION:***** Does the output contain an explanation for the prediction?", "index": 987}, {"instruction": "Calculate the following expression: 3x + 10", "input": "x = 4", "output": "The value of the expression 3x + 10 when x = 4 is 3 * 4 + 10 = 12 + 10 = 22.", "all_data": "*****INSTRUCTION:***** Calculate the following expression: 3x + 10\nx = 4\n*****OUTPUT:***** The value of the expression 3x + 10 when x = 4 is 3 * 4 + 10 = 12 + 10 = 22.\n*****QUESTION:***** Would you give an explanation/justify your reasoning if you were asked this question by a friend?", "index": 988}, {"instruction": "Calculate the following expression: 3x + 10", "input": "x = 4", "output": "The value of the expression 3x + 10 when x = 4 is 3 * 4 + 10 = 12 + 10 = 22.", "all_data": "*****INSTRUCTION:***** Calculate the following expression: 3x + 10\nx = 4\n*****OUTPUT:***** The value of the expression 3x + 10 when x = 4 is 3 * 4 + 10 = 12 + 10 = 22.\n*****QUESTION:***** If there is an explanation: Does the explanation refer to commonsense concepts that are taken as given?", "index": 989}, {"instruction": "Calculate the following expression: 3x + 10", "input": "x = 4", "output": "The value of the expression 3x + 10 when x = 4 is 3 * 4 + 10 = 12 + 10 = 22.", "all_data": "*****INSTRUCTION:***** Calculate the following expression: 3x + 10\nx = 4\n*****OUTPUT:***** The value of the expression 3x + 10 when x = 4 is 3 * 4 + 10 = 12 + 10 = 22.\n*****QUESTION:***** If there is an explanation: Does the explanation list contributing factors?", "index": 990}, {"instruction": "Calculate the following expression: 3x + 10", "input": "x = 4", "output": "The value of the expression 3x + 10 when x = 4 is 3 * 4 + 10 = 12 + 10 = 22.", "all_data": "*****INSTRUCTION:***** Calculate the following expression: 3x + 10\nx = 4\n*****OUTPUT:***** The value of the expression 3x + 10 when x = 4 is 3 * 4 + 10 = 12 + 10 = 22.\n*****QUESTION:***** If there is an explanation: Does the explanation include subjective or biased criteria?", "index": 991}, {"instruction": "Calculate the following expression: 3x + 10", "input": "x = 4", "output": "The value of the expression 3x + 10 when x = 4 is 3 * 4 + 10 = 12 + 10 = 22.", "all_data": "*****INSTRUCTION:***** Calculate the following expression: 3x + 10\nx = 4\n*****OUTPUT:***** The value of the expression 3x + 10 when x = 4 is 3 * 4 + 10 = 12 + 10 = 22.\n*****QUESTION:***** If there is an explanation: Does the explanation include illustrative elements (e.g. examples)?", "index": 992}, {"instruction": "Calculate the following expression: 3x + 10", "input": "x = 4", "output": "The value of the expression 3x + 10 when x = 4 is 3 * 4 + 10 = 12 + 10 = 22.", "all_data": "*****INSTRUCTION:***** Calculate the following expression: 3x + 10\nx = 4\n*****OUTPUT:***** The value of the expression 3x + 10 when x = 4 is 3 * 4 + 10 = 12 + 10 = 22.\n*****QUESTION:***** If there is an explanation: Is the explanation misleading (e.g. arguing for a label that is wrong)?", "index": 993}, {"instruction": "Name 5 'symptoms' of a broken website", "input": "", "output": "1. Slow loading times or pages that never fully load.\n2. Broken links or error messages, such as 404 errors indicating a page is not found.\n3. Incorrect or missing images, videos, or other multimedia content.\n4. Malfunctioning forms, search functions, or other interactive elements.\n5. Formatting issues or a layout that appears disorganized, indicating problems with the site's CSS or HTML.", "all_data": "*****INSTRUCTION:***** Name 5 'symptoms' of a broken website\n\n*****OUTPUT:***** 1. Slow loading times or pages that never fully load.\n2. Broken links or error messages, such as 404 errors indicating a page is not found.\n3. Incorrect or missing images, videos, or other multimedia content.\n4. Malfunctioning forms, search functions, or other interactive elements.\n5. Formatting issues or a layout that appears disorganized, indicating problems with the site's CSS or HTML.\n*****QUESTION:***** Does the output contain an explanation for the prediction?", "index": 994}, {"instruction": "Name 5 'symptoms' of a broken website", "input": "", "output": "1. Slow loading times or pages that never fully load.\n2. Broken links or error messages, such as 404 errors indicating a page is not found.\n3. Incorrect or missing images, videos, or other multimedia content.\n4. Malfunctioning forms, search functions, or other interactive elements.\n5. Formatting issues or a layout that appears disorganized, indicating problems with the site's CSS or HTML.", "all_data": "*****INSTRUCTION:***** Name 5 'symptoms' of a broken website\n\n*****OUTPUT:***** 1. Slow loading times or pages that never fully load.\n2. Broken links or error messages, such as 404 errors indicating a page is not found.\n3. Incorrect or missing images, videos, or other multimedia content.\n4. Malfunctioning forms, search functions, or other interactive elements.\n5. Formatting issues or a layout that appears disorganized, indicating problems with the site's CSS or HTML.\n*****QUESTION:***** Would you give an explanation/justify your reasoning if you were asked this question by a friend?", "index": 995}, {"instruction": "Name 5 'symptoms' of a broken website", "input": "", "output": "1. Slow loading times or pages that never fully load.\n2. Broken links or error messages, such as 404 errors indicating a page is not found.\n3. Incorrect or missing images, videos, or other multimedia content.\n4. Malfunctioning forms, search functions, or other interactive elements.\n5. Formatting issues or a layout that appears disorganized, indicating problems with the site's CSS or HTML.", "all_data": "*****INSTRUCTION:***** Name 5 'symptoms' of a broken website\n\n*****OUTPUT:***** 1. Slow loading times or pages that never fully load.\n2. Broken links or error messages, such as 404 errors indicating a page is not found.\n3. Incorrect or missing images, videos, or other multimedia content.\n4. Malfunctioning forms, search functions, or other interactive elements.\n5. Formatting issues or a layout that appears disorganized, indicating problems with the site's CSS or HTML.\n*****QUESTION:***** If there is an explanation: Does the explanation refer to commonsense concepts that are taken as given?", "index": 996}, {"instruction": "Name 5 'symptoms' of a broken website", "input": "", "output": "1. Slow loading times or pages that never fully load.\n2. Broken links or error messages, such as 404 errors indicating a page is not found.\n3. Incorrect or missing images, videos, or other multimedia content.\n4. Malfunctioning forms, search functions, or other interactive elements.\n5. Formatting issues or a layout that appears disorganized, indicating problems with the site's CSS or HTML.", "all_data": "*****INSTRUCTION:***** Name 5 'symptoms' of a broken website\n\n*****OUTPUT:***** 1. Slow loading times or pages that never fully load.\n2. Broken links or error messages, such as 404 errors indicating a page is not found.\n3. Incorrect or missing images, videos, or other multimedia content.\n4. Malfunctioning forms, search functions, or other interactive elements.\n5. Formatting issues or a layout that appears disorganized, indicating problems with the site's CSS or HTML.\n*****QUESTION:***** If there is an explanation: Does the explanation list contributing factors?", "index": 997}, {"instruction": "Name 5 'symptoms' of a broken website", "input": "", "output": "1. Slow loading times or pages that never fully load.\n2. Broken links or error messages, such as 404 errors indicating a page is not found.\n3. Incorrect or missing images, videos, or other multimedia content.\n4. Malfunctioning forms, search functions, or other interactive elements.\n5. Formatting issues or a layout that appears disorganized, indicating problems with the site's CSS or HTML.", "all_data": "*****INSTRUCTION:***** Name 5 'symptoms' of a broken website\n\n*****OUTPUT:***** 1. Slow loading times or pages that never fully load.\n2. Broken links or error messages, such as 404 errors indicating a page is not found.\n3. Incorrect or missing images, videos, or other multimedia content.\n4. Malfunctioning forms, search functions, or other interactive elements.\n5. Formatting issues or a layout that appears disorganized, indicating problems with the site's CSS or HTML.\n*****QUESTION:***** If there is an explanation: Does the explanation include subjective or biased criteria?", "index": 998}, {"instruction": "Name 5 'symptoms' of a broken website", "input": "", "output": "1. Slow loading times or pages that never fully load.\n2. Broken links or error messages, such as 404 errors indicating a page is not found.\n3. Incorrect or missing images, videos, or other multimedia content.\n4. Malfunctioning forms, search functions, or other interactive elements.\n5. Formatting issues or a layout that appears disorganized, indicating problems with the site's CSS or HTML.", "all_data": "*****INSTRUCTION:***** Name 5 'symptoms' of a broken website\n\n*****OUTPUT:***** 1. Slow loading times or pages that never fully load.\n2. Broken links or error messages, such as 404 errors indicating a page is not found.\n3. Incorrect or missing images, videos, or other multimedia content.\n4. Malfunctioning forms, search functions, or other interactive elements.\n5. Formatting issues or a layout that appears disorganized, indicating problems with the site's CSS or HTML.\n*****QUESTION:***** If there is an explanation: Does the explanation include illustrative elements (e.g. examples)?", "index": 999}, {"instruction": "Name 5 'symptoms' of a broken website", "input": "", "output": "1. Slow loading times or pages that never fully load.\n2. Broken links or error messages, such as 404 errors indicating a page is not found.\n3. Incorrect or missing images, videos, or other multimedia content.\n4. Malfunctioning forms, search functions, or other interactive elements.\n5. Formatting issues or a layout that appears disorganized, indicating problems with the site's CSS or HTML.", "all_data": "*****INSTRUCTION:***** Name 5 'symptoms' of a broken website\n\n*****OUTPUT:***** 1. Slow loading times or pages that never fully load.\n2. Broken links or error messages, such as 404 errors indicating a page is not found.\n3. Incorrect or missing images, videos, or other multimedia content.\n4. Malfunctioning forms, search functions, or other interactive elements.\n5. Formatting issues or a layout that appears disorganized, indicating problems with the site's CSS or HTML.\n*****QUESTION:***** If there is an explanation: Is the explanation misleading (e.g. arguing for a label that is wrong)?", "index": 1000}, {"instruction": "Classify the following sentence in terms of sentiment.", "input": "This movie was terrible.", "output": "Negative sentiment.", "all_data": "*****INSTRUCTION:***** Classify the following sentence in terms of sentiment.\nThis movie was terrible.\n*****OUTPUT:***** Negative sentiment.\n*****QUESTION:***** Does the output contain an explanation for the prediction?", "index": 1001}, {"instruction": "Classify the following sentence in terms of sentiment.", "input": "This movie was terrible.", "output": "Negative sentiment.", "all_data": "*****INSTRUCTION:***** Classify the following sentence in terms of sentiment.\nThis movie was terrible.\n*****OUTPUT:***** Negative sentiment.\n*****QUESTION:***** Would you give an explanation/justify your reasoning if you were asked this question by a friend?", "index": 1002}, {"instruction": "Classify the following sentence in terms of sentiment.", "input": "This movie was terrible.", "output": "Negative sentiment.", "all_data": "*****INSTRUCTION:***** Classify the following sentence in terms of sentiment.\nThis movie was terrible.\n*****OUTPUT:***** Negative sentiment.\n*****QUESTION:***** If there is an explanation: Does the explanation refer to commonsense concepts that are taken as given?", "index": 1003}, {"instruction": "Classify the following sentence in terms of sentiment.", "input": "This movie was terrible.", "output": "Negative sentiment.", "all_data": "*****INSTRUCTION:***** Classify the following sentence in terms of sentiment.\nThis movie was terrible.\n*****OUTPUT:***** Negative sentiment.\n*****QUESTION:***** If there is an explanation: Does the explanation list contributing factors?", "index": 1004}, {"instruction": "Classify the following sentence in terms of sentiment.", "input": "This movie was terrible.", "output": "Negative sentiment.", "all_data": "*****INSTRUCTION:***** Classify the following sentence in terms of sentiment.\nThis movie was terrible.\n*****OUTPUT:***** Negative sentiment.\n*****QUESTION:***** If there is an explanation: Does the explanation include subjective or biased criteria?", "index": 1005}, {"instruction": "Classify the following sentence in terms of sentiment.", "input": "This movie was terrible.", "output": "Negative sentiment.", "all_data": "*****INSTRUCTION:***** Classify the following sentence in terms of sentiment.\nThis movie was terrible.\n*****OUTPUT:***** Negative sentiment.\n*****QUESTION:***** If there is an explanation: Does the explanation include illustrative elements (e.g. examples)?", "index": 1006}, {"instruction": "Classify the following sentence in terms of sentiment.", "input": "This movie was terrible.", "output": "Negative sentiment.", "all_data": "*****INSTRUCTION:***** Classify the following sentence in terms of sentiment.\nThis movie was terrible.\n*****OUTPUT:***** Negative sentiment.\n*****QUESTION:***** If there is an explanation: Is the explanation misleading (e.g. arguing for a label that is wrong)?", "index": 1007}, {"instruction": "Correct the following sentence for proper grammar: \"The cat is drinking the milk then going to sleep\".", "input": "", "output": "The cat is drinking the milk and then going to sleep.", "all_data": "*****INSTRUCTION:***** Correct the following sentence for proper grammar: \"The cat is drinking the milk then going to sleep\".\n\n*****OUTPUT:***** The cat is drinking the milk and then going to sleep.\n*****QUESTION:***** Does the output contain an explanation for the prediction?", "index": 1008}, {"instruction": "Correct the following sentence for proper grammar: \"The cat is drinking the milk then going to sleep\".", "input": "", "output": "The cat is drinking the milk and then going to sleep.", "all_data": "*****INSTRUCTION:***** Correct the following sentence for proper grammar: \"The cat is drinking the milk then going to sleep\".\n\n*****OUTPUT:***** The cat is drinking the milk and then going to sleep.\n*****QUESTION:***** Would you give an explanation/justify your reasoning if you were asked this question by a friend?", "index": 1009}, {"instruction": "Correct the following sentence for proper grammar: \"The cat is drinking the milk then going to sleep\".", "input": "", "output": "The cat is drinking the milk and then going to sleep.", "all_data": "*****INSTRUCTION:***** Correct the following sentence for proper grammar: \"The cat is drinking the milk then going to sleep\".\n\n*****OUTPUT:***** The cat is drinking the milk and then going to sleep.\n*****QUESTION:***** If there is an explanation: Does the explanation refer to commonsense concepts that are taken as given?", "index": 1010}, {"instruction": "Correct the following sentence for proper grammar: \"The cat is drinking the milk then going to sleep\".", "input": "", "output": "The cat is drinking the milk and then going to sleep.", "all_data": "*****INSTRUCTION:***** Correct the following sentence for proper grammar: \"The cat is drinking the milk then going to sleep\".\n\n*****OUTPUT:***** The cat is drinking the milk and then going to sleep.\n*****QUESTION:***** If there is an explanation: Does the explanation list contributing factors?", "index": 1011}, {"instruction": "Correct the following sentence for proper grammar: \"The cat is drinking the milk then going to sleep\".", "input": "", "output": "The cat is drinking the milk and then going to sleep.", "all_data": "*****INSTRUCTION:***** Correct the following sentence for proper grammar: \"The cat is drinking the milk then going to sleep\".\n\n*****OUTPUT:***** The cat is drinking the milk and then going to sleep.\n*****QUESTION:***** If there is an explanation: Does the explanation include subjective or biased criteria?", "index": 1012}, {"instruction": "Correct the following sentence for proper grammar: \"The cat is drinking the milk then going to sleep\".", "input": "", "output": "The cat is drinking the milk and then going to sleep.", "all_data": "*****INSTRUCTION:***** Correct the following sentence for proper grammar: \"The cat is drinking the milk then going to sleep\".\n\n*****OUTPUT:***** The cat is drinking the milk and then going to sleep.\n*****QUESTION:***** If there is an explanation: Does the explanation include illustrative elements (e.g. examples)?", "index": 1013}, {"instruction": "Correct the following sentence for proper grammar: \"The cat is drinking the milk then going to sleep\".", "input": "", "output": "The cat is drinking the milk and then going to sleep.", "all_data": "*****INSTRUCTION:***** Correct the following sentence for proper grammar: \"The cat is drinking the milk then going to sleep\".\n\n*****OUTPUT:***** The cat is drinking the milk and then going to sleep.\n*****QUESTION:***** If there is an explanation: Is the explanation misleading (e.g. arguing for a label that is wrong)?", "index": 1014}, {"instruction": "Annotate this tweet as 'humorous', 'political', 'unsafe' or 'neutral'.", "input": "The president hasn't done anything bad this week.", "output": "'political'", "all_data": "*****INSTRUCTION:***** Annotate this tweet as 'humorous', 'political', 'unsafe' or 'neutral'.\nThe president hasn't done anything bad this week.\n*****OUTPUT:***** 'political'\n*****QUESTION:***** Does the output contain an explanation for the prediction?", "index": 1015}, {"instruction": "Annotate this tweet as 'humorous', 'political', 'unsafe' or 'neutral'.", "input": "The president hasn't done anything bad this week.", "output": "'political'", "all_data": "*****INSTRUCTION:***** Annotate this tweet as 'humorous', 'political', 'unsafe' or 'neutral'.\nThe president hasn't done anything bad this week.\n*****OUTPUT:***** 'political'\n*****QUESTION:***** Would you give an explanation/justify your reasoning if you were asked this question by a friend?", "index": 1016}, {"instruction": "Annotate this tweet as 'humorous', 'political', 'unsafe' or 'neutral'.", "input": "The president hasn't done anything bad this week.", "output": "'political'", "all_data": "*****INSTRUCTION:***** Annotate this tweet as 'humorous', 'political', 'unsafe' or 'neutral'.\nThe president hasn't done anything bad this week.\n*****OUTPUT:***** 'political'\n*****QUESTION:***** If there is an explanation: Does the explanation refer to commonsense concepts that are taken as given?", "index": 1017}, {"instruction": "Annotate this tweet as 'humorous', 'political', 'unsafe' or 'neutral'.", "input": "The president hasn't done anything bad this week.", "output": "'political'", "all_data": "*****INSTRUCTION:***** Annotate this tweet as 'humorous', 'political', 'unsafe' or 'neutral'.\nThe president hasn't done anything bad this week.\n*****OUTPUT:***** 'political'\n*****QUESTION:***** If there is an explanation: Does the explanation list contributing factors?", "index": 1018}, {"instruction": "Annotate this tweet as 'humorous', 'political', 'unsafe' or 'neutral'.", "input": "The president hasn't done anything bad this week.", "output": "'political'", "all_data": "*****INSTRUCTION:***** Annotate this tweet as 'humorous', 'political', 'unsafe' or 'neutral'.\nThe president hasn't done anything bad this week.\n*****OUTPUT:***** 'political'\n*****QUESTION:***** If there is an explanation: Does the explanation include subjective or biased criteria?", "index": 1019}, {"instruction": "Annotate this tweet as 'humorous', 'political', 'unsafe' or 'neutral'.", "input": "The president hasn't done anything bad this week.", "output": "'political'", "all_data": "*****INSTRUCTION:***** Annotate this tweet as 'humorous', 'political', 'unsafe' or 'neutral'.\nThe president hasn't done anything bad this week.\n*****OUTPUT:***** 'political'\n*****QUESTION:***** If there is an explanation: Does the explanation include illustrative elements (e.g. examples)?", "index": 1020}, {"instruction": "Annotate this tweet as 'humorous', 'political', 'unsafe' or 'neutral'.", "input": "The president hasn't done anything bad this week.", "output": "'political'", "all_data": "*****INSTRUCTION:***** Annotate this tweet as 'humorous', 'political', 'unsafe' or 'neutral'.\nThe president hasn't done anything bad this week.\n*****OUTPUT:***** 'political'\n*****QUESTION:***** If there is an explanation: Is the explanation misleading (e.g. arguing for a label that is wrong)?", "index": 1021}, {"instruction": "Create a function which can compress a string of text.", "input": "String of text: \"This is a random string. It has no purpose other than to test this function.\"", "output": "Here's a python function that can compress a string using the Run-length encoding (RLE) method:\n\n```python\ndef compress_string(text: str):\n    compressed_string = \"\"\n    begin = 0\n    end = 0\n    while end < len(text):\n        while end + 1 < len(text) and text[begin] == text[end + 1]:\n            end += 1\n        if end + 1 - begin > 1:\n            compressed_string += f'{end + 1 - begin}{text[begin]}'\n        else:\n            compressed_string += text[begin]\n        begin = end = end + 1\n    return compressed_string\n\n\n# Test the function on the given input\ntext = \"This is a random string. It has no purpose other than to test this function.\"\ncompressed_text = compress_string(text)\nprint(compressed_text)\n```\n\nThis function works by iterating through the characters of the input text, and finding the number of consecutive occurrences of each character. When the number of consecutive occurrences of a character is more than one, it is replaced by the number of occurrences followed by the character. This way, the output string becomes shorter when there are long sequences of the same character.\n\nFor example, using this function on the input \"This is a random string. It has no purpose other than to test this function\", the output is `T2his is a random s2tring. I2t has no purpos2e o2ther than to tes2t this func2tion.`. Here, the character 't' occurs twice in sequence in several places, hence it is replaced with '2t'. \n\nPlease, note that this method only works if there are long sequences of the same character in the input text. As in this example, the output isn't shorter than the input string.", "all_data": "*****INSTRUCTION:***** Create a function which can compress a string of text.\nString of text: \"This is a random string. It has no purpose other than to test this function.\"\n*****OUTPUT:***** Here's a python function that can compress a string using the Run-length encoding (RLE) method:\n\n```python\ndef compress_string(text: str):\n    compressed_string = \"\"\n    begin = 0\n    end = 0\n    while end < len(text):\n        while end + 1 < len(text) and text[begin] == text[end + 1]:\n            end += 1\n        if end + 1 - begin > 1:\n            compressed_string += f'{end + 1 - begin}{text[begin]}'\n        else:\n            compressed_string += text[begin]\n        begin = end = end + 1\n    return compressed_string\n\n\n# Test the function on the given input\ntext = \"This is a random string. It has no purpose other than to test this function.\"\ncompressed_text = compress_string(text)\nprint(compressed_text)\n```\n\nThis function works by iterating through the characters of the input text, and finding the number of consecutive occurrences of each character. When the number of consecutive occurrences of a character is more than one, it is replaced by the number of occurrences followed by the character. This way, the output string becomes shorter when there are long sequences of the same character.\n\nFor example, using this function on the input \"This is a random string. It has no purpose other than to test this function\", the output is `T2his is a random s2tring. I2t has no purpos2e o2ther than to tes2t this func2tion.`. Here, the character 't' occurs twice in sequence in several places, hence it is replaced with '2t'. \n\nPlease, note that this method only works if there are long sequences of the same character in the input text. As in this example, the output isn't shorter than the input string.\n*****QUESTION:***** Does the output contain an explanation for the prediction?", "index": 1022}, {"instruction": "Create a function which can compress a string of text.", "input": "String of text: \"This is a random string. It has no purpose other than to test this function.\"", "output": "Here's a python function that can compress a string using the Run-length encoding (RLE) method:\n\n```python\ndef compress_string(text: str):\n    compressed_string = \"\"\n    begin = 0\n    end = 0\n    while end < len(text):\n        while end + 1 < len(text) and text[begin] == text[end + 1]:\n            end += 1\n        if end + 1 - begin > 1:\n            compressed_string += f'{end + 1 - begin}{text[begin]}'\n        else:\n            compressed_string += text[begin]\n        begin = end = end + 1\n    return compressed_string\n\n\n# Test the function on the given input\ntext = \"This is a random string. It has no purpose other than to test this function.\"\ncompressed_text = compress_string(text)\nprint(compressed_text)\n```\n\nThis function works by iterating through the characters of the input text, and finding the number of consecutive occurrences of each character. When the number of consecutive occurrences of a character is more than one, it is replaced by the number of occurrences followed by the character. This way, the output string becomes shorter when there are long sequences of the same character.\n\nFor example, using this function on the input \"This is a random string. It has no purpose other than to test this function\", the output is `T2his is a random s2tring. I2t has no purpos2e o2ther than to tes2t this func2tion.`. Here, the character 't' occurs twice in sequence in several places, hence it is replaced with '2t'. \n\nPlease, note that this method only works if there are long sequences of the same character in the input text. As in this example, the output isn't shorter than the input string.", "all_data": "*****INSTRUCTION:***** Create a function which can compress a string of text.\nString of text: \"This is a random string. It has no purpose other than to test this function.\"\n*****OUTPUT:***** Here's a python function that can compress a string using the Run-length encoding (RLE) method:\n\n```python\ndef compress_string(text: str):\n    compressed_string = \"\"\n    begin = 0\n    end = 0\n    while end < len(text):\n        while end + 1 < len(text) and text[begin] == text[end + 1]:\n            end += 1\n        if end + 1 - begin > 1:\n            compressed_string += f'{end + 1 - begin}{text[begin]}'\n        else:\n            compressed_string += text[begin]\n        begin = end = end + 1\n    return compressed_string\n\n\n# Test the function on the given input\ntext = \"This is a random string. It has no purpose other than to test this function.\"\ncompressed_text = compress_string(text)\nprint(compressed_text)\n```\n\nThis function works by iterating through the characters of the input text, and finding the number of consecutive occurrences of each character. When the number of consecutive occurrences of a character is more than one, it is replaced by the number of occurrences followed by the character. This way, the output string becomes shorter when there are long sequences of the same character.\n\nFor example, using this function on the input \"This is a random string. It has no purpose other than to test this function\", the output is `T2his is a random s2tring. I2t has no purpos2e o2ther than to tes2t this func2tion.`. Here, the character 't' occurs twice in sequence in several places, hence it is replaced with '2t'. \n\nPlease, note that this method only works if there are long sequences of the same character in the input text. As in this example, the output isn't shorter than the input string.\n*****QUESTION:***** Would you give an explanation/justify your reasoning if you were asked this question by a friend?", "index": 1023}, {"instruction": "Create a function which can compress a string of text.", "input": "String of text: \"This is a random string. It has no purpose other than to test this function.\"", "output": "Here's a python function that can compress a string using the Run-length encoding (RLE) method:\n\n```python\ndef compress_string(text: str):\n    compressed_string = \"\"\n    begin = 0\n    end = 0\n    while end < len(text):\n        while end + 1 < len(text) and text[begin] == text[end + 1]:\n            end += 1\n        if end + 1 - begin > 1:\n            compressed_string += f'{end + 1 - begin}{text[begin]}'\n        else:\n            compressed_string += text[begin]\n        begin = end = end + 1\n    return compressed_string\n\n\n# Test the function on the given input\ntext = \"This is a random string. It has no purpose other than to test this function.\"\ncompressed_text = compress_string(text)\nprint(compressed_text)\n```\n\nThis function works by iterating through the characters of the input text, and finding the number of consecutive occurrences of each character. When the number of consecutive occurrences of a character is more than one, it is replaced by the number of occurrences followed by the character. This way, the output string becomes shorter when there are long sequences of the same character.\n\nFor example, using this function on the input \"This is a random string. It has no purpose other than to test this function\", the output is `T2his is a random s2tring. I2t has no purpos2e o2ther than to tes2t this func2tion.`. Here, the character 't' occurs twice in sequence in several places, hence it is replaced with '2t'. \n\nPlease, note that this method only works if there are long sequences of the same character in the input text. As in this example, the output isn't shorter than the input string.", "all_data": "*****INSTRUCTION:***** Create a function which can compress a string of text.\nString of text: \"This is a random string. It has no purpose other than to test this function.\"\n*****OUTPUT:***** Here's a python function that can compress a string using the Run-length encoding (RLE) method:\n\n```python\ndef compress_string(text: str):\n    compressed_string = \"\"\n    begin = 0\n    end = 0\n    while end < len(text):\n        while end + 1 < len(text) and text[begin] == text[end + 1]:\n            end += 1\n        if end + 1 - begin > 1:\n            compressed_string += f'{end + 1 - begin}{text[begin]}'\n        else:\n            compressed_string += text[begin]\n        begin = end = end + 1\n    return compressed_string\n\n\n# Test the function on the given input\ntext = \"This is a random string. It has no purpose other than to test this function.\"\ncompressed_text = compress_string(text)\nprint(compressed_text)\n```\n\nThis function works by iterating through the characters of the input text, and finding the number of consecutive occurrences of each character. When the number of consecutive occurrences of a character is more than one, it is replaced by the number of occurrences followed by the character. This way, the output string becomes shorter when there are long sequences of the same character.\n\nFor example, using this function on the input \"This is a random string. It has no purpose other than to test this function\", the output is `T2his is a random s2tring. I2t has no purpos2e o2ther than to tes2t this func2tion.`. Here, the character 't' occurs twice in sequence in several places, hence it is replaced with '2t'. \n\nPlease, note that this method only works if there are long sequences of the same character in the input text. As in this example, the output isn't shorter than the input string.\n*****QUESTION:***** If there is an explanation: Does the explanation refer to commonsense concepts that are taken as given?", "index": 1024}, {"instruction": "Create a function which can compress a string of text.", "input": "String of text: \"This is a random string. It has no purpose other than to test this function.\"", "output": "Here's a python function that can compress a string using the Run-length encoding (RLE) method:\n\n```python\ndef compress_string(text: str):\n    compressed_string = \"\"\n    begin = 0\n    end = 0\n    while end < len(text):\n        while end + 1 < len(text) and text[begin] == text[end + 1]:\n            end += 1\n        if end + 1 - begin > 1:\n            compressed_string += f'{end + 1 - begin}{text[begin]}'\n        else:\n            compressed_string += text[begin]\n        begin = end = end + 1\n    return compressed_string\n\n\n# Test the function on the given input\ntext = \"This is a random string. It has no purpose other than to test this function.\"\ncompressed_text = compress_string(text)\nprint(compressed_text)\n```\n\nThis function works by iterating through the characters of the input text, and finding the number of consecutive occurrences of each character. When the number of consecutive occurrences of a character is more than one, it is replaced by the number of occurrences followed by the character. This way, the output string becomes shorter when there are long sequences of the same character.\n\nFor example, using this function on the input \"This is a random string. It has no purpose other than to test this function\", the output is `T2his is a random s2tring. I2t has no purpos2e o2ther than to tes2t this func2tion.`. Here, the character 't' occurs twice in sequence in several places, hence it is replaced with '2t'. \n\nPlease, note that this method only works if there are long sequences of the same character in the input text. As in this example, the output isn't shorter than the input string.", "all_data": "*****INSTRUCTION:***** Create a function which can compress a string of text.\nString of text: \"This is a random string. It has no purpose other than to test this function.\"\n*****OUTPUT:***** Here's a python function that can compress a string using the Run-length encoding (RLE) method:\n\n```python\ndef compress_string(text: str):\n    compressed_string = \"\"\n    begin = 0\n    end = 0\n    while end < len(text):\n        while end + 1 < len(text) and text[begin] == text[end + 1]:\n            end += 1\n        if end + 1 - begin > 1:\n            compressed_string += f'{end + 1 - begin}{text[begin]}'\n        else:\n            compressed_string += text[begin]\n        begin = end = end + 1\n    return compressed_string\n\n\n# Test the function on the given input\ntext = \"This is a random string. It has no purpose other than to test this function.\"\ncompressed_text = compress_string(text)\nprint(compressed_text)\n```\n\nThis function works by iterating through the characters of the input text, and finding the number of consecutive occurrences of each character. When the number of consecutive occurrences of a character is more than one, it is replaced by the number of occurrences followed by the character. This way, the output string becomes shorter when there are long sequences of the same character.\n\nFor example, using this function on the input \"This is a random string. It has no purpose other than to test this function\", the output is `T2his is a random s2tring. I2t has no purpos2e o2ther than to tes2t this func2tion.`. Here, the character 't' occurs twice in sequence in several places, hence it is replaced with '2t'. \n\nPlease, note that this method only works if there are long sequences of the same character in the input text. As in this example, the output isn't shorter than the input string.\n*****QUESTION:***** If there is an explanation: Does the explanation list contributing factors?", "index": 1025}, {"instruction": "Create a function which can compress a string of text.", "input": "String of text: \"This is a random string. It has no purpose other than to test this function.\"", "output": "Here's a python function that can compress a string using the Run-length encoding (RLE) method:\n\n```python\ndef compress_string(text: str):\n    compressed_string = \"\"\n    begin = 0\n    end = 0\n    while end < len(text):\n        while end + 1 < len(text) and text[begin] == text[end + 1]:\n            end += 1\n        if end + 1 - begin > 1:\n            compressed_string += f'{end + 1 - begin}{text[begin]}'\n        else:\n            compressed_string += text[begin]\n        begin = end = end + 1\n    return compressed_string\n\n\n# Test the function on the given input\ntext = \"This is a random string. It has no purpose other than to test this function.\"\ncompressed_text = compress_string(text)\nprint(compressed_text)\n```\n\nThis function works by iterating through the characters of the input text, and finding the number of consecutive occurrences of each character. When the number of consecutive occurrences of a character is more than one, it is replaced by the number of occurrences followed by the character. This way, the output string becomes shorter when there are long sequences of the same character.\n\nFor example, using this function on the input \"This is a random string. It has no purpose other than to test this function\", the output is `T2his is a random s2tring. I2t has no purpos2e o2ther than to tes2t this func2tion.`. Here, the character 't' occurs twice in sequence in several places, hence it is replaced with '2t'. \n\nPlease, note that this method only works if there are long sequences of the same character in the input text. As in this example, the output isn't shorter than the input string.", "all_data": "*****INSTRUCTION:***** Create a function which can compress a string of text.\nString of text: \"This is a random string. It has no purpose other than to test this function.\"\n*****OUTPUT:***** Here's a python function that can compress a string using the Run-length encoding (RLE) method:\n\n```python\ndef compress_string(text: str):\n    compressed_string = \"\"\n    begin = 0\n    end = 0\n    while end < len(text):\n        while end + 1 < len(text) and text[begin] == text[end + 1]:\n            end += 1\n        if end + 1 - begin > 1:\n            compressed_string += f'{end + 1 - begin}{text[begin]}'\n        else:\n            compressed_string += text[begin]\n        begin = end = end + 1\n    return compressed_string\n\n\n# Test the function on the given input\ntext = \"This is a random string. It has no purpose other than to test this function.\"\ncompressed_text = compress_string(text)\nprint(compressed_text)\n```\n\nThis function works by iterating through the characters of the input text, and finding the number of consecutive occurrences of each character. When the number of consecutive occurrences of a character is more than one, it is replaced by the number of occurrences followed by the character. This way, the output string becomes shorter when there are long sequences of the same character.\n\nFor example, using this function on the input \"This is a random string. It has no purpose other than to test this function\", the output is `T2his is a random s2tring. I2t has no purpos2e o2ther than to tes2t this func2tion.`. Here, the character 't' occurs twice in sequence in several places, hence it is replaced with '2t'. \n\nPlease, note that this method only works if there are long sequences of the same character in the input text. As in this example, the output isn't shorter than the input string.\n*****QUESTION:***** If there is an explanation: Does the explanation include subjective or biased criteria?", "index": 1026}, {"instruction": "Create a function which can compress a string of text.", "input": "String of text: \"This is a random string. It has no purpose other than to test this function.\"", "output": "Here's a python function that can compress a string using the Run-length encoding (RLE) method:\n\n```python\ndef compress_string(text: str):\n    compressed_string = \"\"\n    begin = 0\n    end = 0\n    while end < len(text):\n        while end + 1 < len(text) and text[begin] == text[end + 1]:\n            end += 1\n        if end + 1 - begin > 1:\n            compressed_string += f'{end + 1 - begin}{text[begin]}'\n        else:\n            compressed_string += text[begin]\n        begin = end = end + 1\n    return compressed_string\n\n\n# Test the function on the given input\ntext = \"This is a random string. It has no purpose other than to test this function.\"\ncompressed_text = compress_string(text)\nprint(compressed_text)\n```\n\nThis function works by iterating through the characters of the input text, and finding the number of consecutive occurrences of each character. When the number of consecutive occurrences of a character is more than one, it is replaced by the number of occurrences followed by the character. This way, the output string becomes shorter when there are long sequences of the same character.\n\nFor example, using this function on the input \"This is a random string. It has no purpose other than to test this function\", the output is `T2his is a random s2tring. I2t has no purpos2e o2ther than to tes2t this func2tion.`. Here, the character 't' occurs twice in sequence in several places, hence it is replaced with '2t'. \n\nPlease, note that this method only works if there are long sequences of the same character in the input text. As in this example, the output isn't shorter than the input string.", "all_data": "*****INSTRUCTION:***** Create a function which can compress a string of text.\nString of text: \"This is a random string. It has no purpose other than to test this function.\"\n*****OUTPUT:***** Here's a python function that can compress a string using the Run-length encoding (RLE) method:\n\n```python\ndef compress_string(text: str):\n    compressed_string = \"\"\n    begin = 0\n    end = 0\n    while end < len(text):\n        while end + 1 < len(text) and text[begin] == text[end + 1]:\n            end += 1\n        if end + 1 - begin > 1:\n            compressed_string += f'{end + 1 - begin}{text[begin]}'\n        else:\n            compressed_string += text[begin]\n        begin = end = end + 1\n    return compressed_string\n\n\n# Test the function on the given input\ntext = \"This is a random string. It has no purpose other than to test this function.\"\ncompressed_text = compress_string(text)\nprint(compressed_text)\n```\n\nThis function works by iterating through the characters of the input text, and finding the number of consecutive occurrences of each character. When the number of consecutive occurrences of a character is more than one, it is replaced by the number of occurrences followed by the character. This way, the output string becomes shorter when there are long sequences of the same character.\n\nFor example, using this function on the input \"This is a random string. It has no purpose other than to test this function\", the output is `T2his is a random s2tring. I2t has no purpos2e o2ther than to tes2t this func2tion.`. Here, the character 't' occurs twice in sequence in several places, hence it is replaced with '2t'. \n\nPlease, note that this method only works if there are long sequences of the same character in the input text. As in this example, the output isn't shorter than the input string.\n*****QUESTION:***** If there is an explanation: Does the explanation include illustrative elements (e.g. examples)?", "index": 1027}, {"instruction": "Create a function which can compress a string of text.", "input": "String of text: \"This is a random string. It has no purpose other than to test this function.\"", "output": "Here's a python function that can compress a string using the Run-length encoding (RLE) method:\n\n```python\ndef compress_string(text: str):\n    compressed_string = \"\"\n    begin = 0\n    end = 0\n    while end < len(text):\n        while end + 1 < len(text) and text[begin] == text[end + 1]:\n            end += 1\n        if end + 1 - begin > 1:\n            compressed_string += f'{end + 1 - begin}{text[begin]}'\n        else:\n            compressed_string += text[begin]\n        begin = end = end + 1\n    return compressed_string\n\n\n# Test the function on the given input\ntext = \"This is a random string. It has no purpose other than to test this function.\"\ncompressed_text = compress_string(text)\nprint(compressed_text)\n```\n\nThis function works by iterating through the characters of the input text, and finding the number of consecutive occurrences of each character. When the number of consecutive occurrences of a character is more than one, it is replaced by the number of occurrences followed by the character. This way, the output string becomes shorter when there are long sequences of the same character.\n\nFor example, using this function on the input \"This is a random string. It has no purpose other than to test this function\", the output is `T2his is a random s2tring. I2t has no purpos2e o2ther than to tes2t this func2tion.`. Here, the character 't' occurs twice in sequence in several places, hence it is replaced with '2t'. \n\nPlease, note that this method only works if there are long sequences of the same character in the input text. As in this example, the output isn't shorter than the input string.", "all_data": "*****INSTRUCTION:***** Create a function which can compress a string of text.\nString of text: \"This is a random string. It has no purpose other than to test this function.\"\n*****OUTPUT:***** Here's a python function that can compress a string using the Run-length encoding (RLE) method:\n\n```python\ndef compress_string(text: str):\n    compressed_string = \"\"\n    begin = 0\n    end = 0\n    while end < len(text):\n        while end + 1 < len(text) and text[begin] == text[end + 1]:\n            end += 1\n        if end + 1 - begin > 1:\n            compressed_string += f'{end + 1 - begin}{text[begin]}'\n        else:\n            compressed_string += text[begin]\n        begin = end = end + 1\n    return compressed_string\n\n\n# Test the function on the given input\ntext = \"This is a random string. It has no purpose other than to test this function.\"\ncompressed_text = compress_string(text)\nprint(compressed_text)\n```\n\nThis function works by iterating through the characters of the input text, and finding the number of consecutive occurrences of each character. When the number of consecutive occurrences of a character is more than one, it is replaced by the number of occurrences followed by the character. This way, the output string becomes shorter when there are long sequences of the same character.\n\nFor example, using this function on the input \"This is a random string. It has no purpose other than to test this function\", the output is `T2his is a random s2tring. I2t has no purpos2e o2ther than to tes2t this func2tion.`. Here, the character 't' occurs twice in sequence in several places, hence it is replaced with '2t'. \n\nPlease, note that this method only works if there are long sequences of the same character in the input text. As in this example, the output isn't shorter than the input string.\n*****QUESTION:***** If there is an explanation: Is the explanation misleading (e.g. arguing for a label that is wrong)?", "index": 1028}, {"instruction": "Suggest a new kitchen ingredient for whipped cream.", "input": "", "output": "One kitchen ingredient that can be used to make whipped cream is coconut cream. Coconut cream can be a delicious and vegan alternative to traditional whipped cream made from heavy cream. To make whipped coconut cream, simply chill a can of full-fat coconut milk in the refrigerator overnight, scoop out the solid cream that rises to the top, and whip it with a mixer until it becomes light and fluffy. You can sweeten it with sugar or a natural sweetener such as honey or maple syrup, and add vanilla extract or other flavorings if desired. This dairy-free whipped cream can be used as a topping for desserts, fruit, coffee drinks, and more!", "all_data": "*****INSTRUCTION:***** Suggest a new kitchen ingredient for whipped cream.\n\n*****OUTPUT:***** One kitchen ingredient that can be used to make whipped cream is coconut cream. Coconut cream can be a delicious and vegan alternative to traditional whipped cream made from heavy cream. To make whipped coconut cream, simply chill a can of full-fat coconut milk in the refrigerator overnight, scoop out the solid cream that rises to the top, and whip it with a mixer until it becomes light and fluffy. You can sweeten it with sugar or a natural sweetener such as honey or maple syrup, and add vanilla extract or other flavorings if desired. This dairy-free whipped cream can be used as a topping for desserts, fruit, coffee drinks, and more!\n*****QUESTION:***** Does the output contain an explanation for the prediction?", "index": 1029}, {"instruction": "Suggest a new kitchen ingredient for whipped cream.", "input": "", "output": "One kitchen ingredient that can be used to make whipped cream is coconut cream. Coconut cream can be a delicious and vegan alternative to traditional whipped cream made from heavy cream. To make whipped coconut cream, simply chill a can of full-fat coconut milk in the refrigerator overnight, scoop out the solid cream that rises to the top, and whip it with a mixer until it becomes light and fluffy. You can sweeten it with sugar or a natural sweetener such as honey or maple syrup, and add vanilla extract or other flavorings if desired. This dairy-free whipped cream can be used as a topping for desserts, fruit, coffee drinks, and more!", "all_data": "*****INSTRUCTION:***** Suggest a new kitchen ingredient for whipped cream.\n\n*****OUTPUT:***** One kitchen ingredient that can be used to make whipped cream is coconut cream. Coconut cream can be a delicious and vegan alternative to traditional whipped cream made from heavy cream. To make whipped coconut cream, simply chill a can of full-fat coconut milk in the refrigerator overnight, scoop out the solid cream that rises to the top, and whip it with a mixer until it becomes light and fluffy. You can sweeten it with sugar or a natural sweetener such as honey or maple syrup, and add vanilla extract or other flavorings if desired. This dairy-free whipped cream can be used as a topping for desserts, fruit, coffee drinks, and more!\n*****QUESTION:***** Would you give an explanation/justify your reasoning if you were asked this question by a friend?", "index": 1030}, {"instruction": "Suggest a new kitchen ingredient for whipped cream.", "input": "", "output": "One kitchen ingredient that can be used to make whipped cream is coconut cream. Coconut cream can be a delicious and vegan alternative to traditional whipped cream made from heavy cream. To make whipped coconut cream, simply chill a can of full-fat coconut milk in the refrigerator overnight, scoop out the solid cream that rises to the top, and whip it with a mixer until it becomes light and fluffy. You can sweeten it with sugar or a natural sweetener such as honey or maple syrup, and add vanilla extract or other flavorings if desired. This dairy-free whipped cream can be used as a topping for desserts, fruit, coffee drinks, and more!", "all_data": "*****INSTRUCTION:***** Suggest a new kitchen ingredient for whipped cream.\n\n*****OUTPUT:***** One kitchen ingredient that can be used to make whipped cream is coconut cream. Coconut cream can be a delicious and vegan alternative to traditional whipped cream made from heavy cream. To make whipped coconut cream, simply chill a can of full-fat coconut milk in the refrigerator overnight, scoop out the solid cream that rises to the top, and whip it with a mixer until it becomes light and fluffy. You can sweeten it with sugar or a natural sweetener such as honey or maple syrup, and add vanilla extract or other flavorings if desired. This dairy-free whipped cream can be used as a topping for desserts, fruit, coffee drinks, and more!\n*****QUESTION:***** If there is an explanation: Does the explanation refer to commonsense concepts that are taken as given?", "index": 1031}, {"instruction": "Suggest a new kitchen ingredient for whipped cream.", "input": "", "output": "One kitchen ingredient that can be used to make whipped cream is coconut cream. Coconut cream can be a delicious and vegan alternative to traditional whipped cream made from heavy cream. To make whipped coconut cream, simply chill a can of full-fat coconut milk in the refrigerator overnight, scoop out the solid cream that rises to the top, and whip it with a mixer until it becomes light and fluffy. You can sweeten it with sugar or a natural sweetener such as honey or maple syrup, and add vanilla extract or other flavorings if desired. This dairy-free whipped cream can be used as a topping for desserts, fruit, coffee drinks, and more!", "all_data": "*****INSTRUCTION:***** Suggest a new kitchen ingredient for whipped cream.\n\n*****OUTPUT:***** One kitchen ingredient that can be used to make whipped cream is coconut cream. Coconut cream can be a delicious and vegan alternative to traditional whipped cream made from heavy cream. To make whipped coconut cream, simply chill a can of full-fat coconut milk in the refrigerator overnight, scoop out the solid cream that rises to the top, and whip it with a mixer until it becomes light and fluffy. You can sweeten it with sugar or a natural sweetener such as honey or maple syrup, and add vanilla extract or other flavorings if desired. This dairy-free whipped cream can be used as a topping for desserts, fruit, coffee drinks, and more!\n*****QUESTION:***** If there is an explanation: Does the explanation list contributing factors?", "index": 1032}, {"instruction": "Suggest a new kitchen ingredient for whipped cream.", "input": "", "output": "One kitchen ingredient that can be used to make whipped cream is coconut cream. Coconut cream can be a delicious and vegan alternative to traditional whipped cream made from heavy cream. To make whipped coconut cream, simply chill a can of full-fat coconut milk in the refrigerator overnight, scoop out the solid cream that rises to the top, and whip it with a mixer until it becomes light and fluffy. You can sweeten it with sugar or a natural sweetener such as honey or maple syrup, and add vanilla extract or other flavorings if desired. This dairy-free whipped cream can be used as a topping for desserts, fruit, coffee drinks, and more!", "all_data": "*****INSTRUCTION:***** Suggest a new kitchen ingredient for whipped cream.\n\n*****OUTPUT:***** One kitchen ingredient that can be used to make whipped cream is coconut cream. Coconut cream can be a delicious and vegan alternative to traditional whipped cream made from heavy cream. To make whipped coconut cream, simply chill a can of full-fat coconut milk in the refrigerator overnight, scoop out the solid cream that rises to the top, and whip it with a mixer until it becomes light and fluffy. You can sweeten it with sugar or a natural sweetener such as honey or maple syrup, and add vanilla extract or other flavorings if desired. This dairy-free whipped cream can be used as a topping for desserts, fruit, coffee drinks, and more!\n*****QUESTION:***** If there is an explanation: Does the explanation include subjective or biased criteria?", "index": 1033}, {"instruction": "Suggest a new kitchen ingredient for whipped cream.", "input": "", "output": "One kitchen ingredient that can be used to make whipped cream is coconut cream. Coconut cream can be a delicious and vegan alternative to traditional whipped cream made from heavy cream. To make whipped coconut cream, simply chill a can of full-fat coconut milk in the refrigerator overnight, scoop out the solid cream that rises to the top, and whip it with a mixer until it becomes light and fluffy. You can sweeten it with sugar or a natural sweetener such as honey or maple syrup, and add vanilla extract or other flavorings if desired. This dairy-free whipped cream can be used as a topping for desserts, fruit, coffee drinks, and more!", "all_data": "*****INSTRUCTION:***** Suggest a new kitchen ingredient for whipped cream.\n\n*****OUTPUT:***** One kitchen ingredient that can be used to make whipped cream is coconut cream. Coconut cream can be a delicious and vegan alternative to traditional whipped cream made from heavy cream. To make whipped coconut cream, simply chill a can of full-fat coconut milk in the refrigerator overnight, scoop out the solid cream that rises to the top, and whip it with a mixer until it becomes light and fluffy. You can sweeten it with sugar or a natural sweetener such as honey or maple syrup, and add vanilla extract or other flavorings if desired. This dairy-free whipped cream can be used as a topping for desserts, fruit, coffee drinks, and more!\n*****QUESTION:***** If there is an explanation: Does the explanation include illustrative elements (e.g. examples)?", "index": 1034}, {"instruction": "Suggest a new kitchen ingredient for whipped cream.", "input": "", "output": "One kitchen ingredient that can be used to make whipped cream is coconut cream. Coconut cream can be a delicious and vegan alternative to traditional whipped cream made from heavy cream. To make whipped coconut cream, simply chill a can of full-fat coconut milk in the refrigerator overnight, scoop out the solid cream that rises to the top, and whip it with a mixer until it becomes light and fluffy. You can sweeten it with sugar or a natural sweetener such as honey or maple syrup, and add vanilla extract or other flavorings if desired. This dairy-free whipped cream can be used as a topping for desserts, fruit, coffee drinks, and more!", "all_data": "*****INSTRUCTION:***** Suggest a new kitchen ingredient for whipped cream.\n\n*****OUTPUT:***** One kitchen ingredient that can be used to make whipped cream is coconut cream. Coconut cream can be a delicious and vegan alternative to traditional whipped cream made from heavy cream. To make whipped coconut cream, simply chill a can of full-fat coconut milk in the refrigerator overnight, scoop out the solid cream that rises to the top, and whip it with a mixer until it becomes light and fluffy. You can sweeten it with sugar or a natural sweetener such as honey or maple syrup, and add vanilla extract or other flavorings if desired. This dairy-free whipped cream can be used as a topping for desserts, fruit, coffee drinks, and more!\n*****QUESTION:***** If there is an explanation: Is the explanation misleading (e.g. arguing for a label that is wrong)?", "index": 1035}, {"instruction": "Identify five qualities of a good customer service rep.", "input": "", "output": "1. Excellent Communication Skills: One of the most important qualities of a good customer service representative is the ability to communicate effectively with customers. This means being able to convey information clearly, listen attentively and respond appropriately to customer queries or concerns.\n\n2. Empathy: An essential quality of a good customer service representative is empathy. They must have the ability to understand and relate to the needs and feelings of the customers. By showing empathy, they can build rapport and trust with their clientele, which leads to customer satisfaction.\n\n3. Patience: Good customer service requires a great deal of patience. A customer service representative may encounter frustrated or irate customers, and it is important for them to remain calm, listen to the customer\u2019s concerns, and provide solutions in a professional manner.\n\n4. Adaptability: Customer service representatives must be adaptable, meaning they can think on their feet and handle unexpected situations. They must quickly and effectively adjust their approach or solution based on the customer\u2019s needs.\n\n5. Problem Solving Skills: A great customer service representative must possess strong problem-solving skills. They must be able to analyze customer\u2019s complaints or issues, identify the cause and find an effective solution that meets the customer\u2019s needs while adhering to company policies.", "all_data": "*****INSTRUCTION:***** Identify five qualities of a good customer service rep.\n\n*****OUTPUT:***** 1. Excellent Communication Skills: One of the most important qualities of a good customer service representative is the ability to communicate effectively with customers. This means being able to convey information clearly, listen attentively and respond appropriately to customer queries or concerns.\n\n2. Empathy: An essential quality of a good customer service representative is empathy. They must have the ability to understand and relate to the needs and feelings of the customers. By showing empathy, they can build rapport and trust with their clientele, which leads to customer satisfaction.\n\n3. Patience: Good customer service requires a great deal of patience. A customer service representative may encounter frustrated or irate customers, and it is important for them to remain calm, listen to the customer\u2019s concerns, and provide solutions in a professional manner.\n\n4. Adaptability: Customer service representatives must be adaptable, meaning they can think on their feet and handle unexpected situations. They must quickly and effectively adjust their approach or solution based on the customer\u2019s needs.\n\n5. Problem Solving Skills: A great customer service representative must possess strong problem-solving skills. They must be able to analyze customer\u2019s complaints or issues, identify the cause and find an effective solution that meets the customer\u2019s needs while adhering to company policies.\n*****QUESTION:***** Does the output contain an explanation for the prediction?", "index": 1036}, {"instruction": "Identify five qualities of a good customer service rep.", "input": "", "output": "1. Excellent Communication Skills: One of the most important qualities of a good customer service representative is the ability to communicate effectively with customers. This means being able to convey information clearly, listen attentively and respond appropriately to customer queries or concerns.\n\n2. Empathy: An essential quality of a good customer service representative is empathy. They must have the ability to understand and relate to the needs and feelings of the customers. By showing empathy, they can build rapport and trust with their clientele, which leads to customer satisfaction.\n\n3. Patience: Good customer service requires a great deal of patience. A customer service representative may encounter frustrated or irate customers, and it is important for them to remain calm, listen to the customer\u2019s concerns, and provide solutions in a professional manner.\n\n4. Adaptability: Customer service representatives must be adaptable, meaning they can think on their feet and handle unexpected situations. They must quickly and effectively adjust their approach or solution based on the customer\u2019s needs.\n\n5. Problem Solving Skills: A great customer service representative must possess strong problem-solving skills. They must be able to analyze customer\u2019s complaints or issues, identify the cause and find an effective solution that meets the customer\u2019s needs while adhering to company policies.", "all_data": "*****INSTRUCTION:***** Identify five qualities of a good customer service rep.\n\n*****OUTPUT:***** 1. Excellent Communication Skills: One of the most important qualities of a good customer service representative is the ability to communicate effectively with customers. This means being able to convey information clearly, listen attentively and respond appropriately to customer queries or concerns.\n\n2. Empathy: An essential quality of a good customer service representative is empathy. They must have the ability to understand and relate to the needs and feelings of the customers. By showing empathy, they can build rapport and trust with their clientele, which leads to customer satisfaction.\n\n3. Patience: Good customer service requires a great deal of patience. A customer service representative may encounter frustrated or irate customers, and it is important for them to remain calm, listen to the customer\u2019s concerns, and provide solutions in a professional manner.\n\n4. Adaptability: Customer service representatives must be adaptable, meaning they can think on their feet and handle unexpected situations. They must quickly and effectively adjust their approach or solution based on the customer\u2019s needs.\n\n5. Problem Solving Skills: A great customer service representative must possess strong problem-solving skills. They must be able to analyze customer\u2019s complaints or issues, identify the cause and find an effective solution that meets the customer\u2019s needs while adhering to company policies.\n*****QUESTION:***** Would you give an explanation/justify your reasoning if you were asked this question by a friend?", "index": 1037}, {"instruction": "Identify five qualities of a good customer service rep.", "input": "", "output": "1. Excellent Communication Skills: One of the most important qualities of a good customer service representative is the ability to communicate effectively with customers. This means being able to convey information clearly, listen attentively and respond appropriately to customer queries or concerns.\n\n2. Empathy: An essential quality of a good customer service representative is empathy. They must have the ability to understand and relate to the needs and feelings of the customers. By showing empathy, they can build rapport and trust with their clientele, which leads to customer satisfaction.\n\n3. Patience: Good customer service requires a great deal of patience. A customer service representative may encounter frustrated or irate customers, and it is important for them to remain calm, listen to the customer\u2019s concerns, and provide solutions in a professional manner.\n\n4. Adaptability: Customer service representatives must be adaptable, meaning they can think on their feet and handle unexpected situations. They must quickly and effectively adjust their approach or solution based on the customer\u2019s needs.\n\n5. Problem Solving Skills: A great customer service representative must possess strong problem-solving skills. They must be able to analyze customer\u2019s complaints or issues, identify the cause and find an effective solution that meets the customer\u2019s needs while adhering to company policies.", "all_data": "*****INSTRUCTION:***** Identify five qualities of a good customer service rep.\n\n*****OUTPUT:***** 1. Excellent Communication Skills: One of the most important qualities of a good customer service representative is the ability to communicate effectively with customers. This means being able to convey information clearly, listen attentively and respond appropriately to customer queries or concerns.\n\n2. Empathy: An essential quality of a good customer service representative is empathy. They must have the ability to understand and relate to the needs and feelings of the customers. By showing empathy, they can build rapport and trust with their clientele, which leads to customer satisfaction.\n\n3. Patience: Good customer service requires a great deal of patience. A customer service representative may encounter frustrated or irate customers, and it is important for them to remain calm, listen to the customer\u2019s concerns, and provide solutions in a professional manner.\n\n4. Adaptability: Customer service representatives must be adaptable, meaning they can think on their feet and handle unexpected situations. They must quickly and effectively adjust their approach or solution based on the customer\u2019s needs.\n\n5. Problem Solving Skills: A great customer service representative must possess strong problem-solving skills. They must be able to analyze customer\u2019s complaints or issues, identify the cause and find an effective solution that meets the customer\u2019s needs while adhering to company policies.\n*****QUESTION:***** If there is an explanation: Does the explanation refer to commonsense concepts that are taken as given?", "index": 1038}, {"instruction": "Identify five qualities of a good customer service rep.", "input": "", "output": "1. Excellent Communication Skills: One of the most important qualities of a good customer service representative is the ability to communicate effectively with customers. This means being able to convey information clearly, listen attentively and respond appropriately to customer queries or concerns.\n\n2. Empathy: An essential quality of a good customer service representative is empathy. They must have the ability to understand and relate to the needs and feelings of the customers. By showing empathy, they can build rapport and trust with their clientele, which leads to customer satisfaction.\n\n3. Patience: Good customer service requires a great deal of patience. A customer service representative may encounter frustrated or irate customers, and it is important for them to remain calm, listen to the customer\u2019s concerns, and provide solutions in a professional manner.\n\n4. Adaptability: Customer service representatives must be adaptable, meaning they can think on their feet and handle unexpected situations. They must quickly and effectively adjust their approach or solution based on the customer\u2019s needs.\n\n5. Problem Solving Skills: A great customer service representative must possess strong problem-solving skills. They must be able to analyze customer\u2019s complaints or issues, identify the cause and find an effective solution that meets the customer\u2019s needs while adhering to company policies.", "all_data": "*****INSTRUCTION:***** Identify five qualities of a good customer service rep.\n\n*****OUTPUT:***** 1. Excellent Communication Skills: One of the most important qualities of a good customer service representative is the ability to communicate effectively with customers. This means being able to convey information clearly, listen attentively and respond appropriately to customer queries or concerns.\n\n2. Empathy: An essential quality of a good customer service representative is empathy. They must have the ability to understand and relate to the needs and feelings of the customers. By showing empathy, they can build rapport and trust with their clientele, which leads to customer satisfaction.\n\n3. Patience: Good customer service requires a great deal of patience. A customer service representative may encounter frustrated or irate customers, and it is important for them to remain calm, listen to the customer\u2019s concerns, and provide solutions in a professional manner.\n\n4. Adaptability: Customer service representatives must be adaptable, meaning they can think on their feet and handle unexpected situations. They must quickly and effectively adjust their approach or solution based on the customer\u2019s needs.\n\n5. Problem Solving Skills: A great customer service representative must possess strong problem-solving skills. They must be able to analyze customer\u2019s complaints or issues, identify the cause and find an effective solution that meets the customer\u2019s needs while adhering to company policies.\n*****QUESTION:***** If there is an explanation: Does the explanation list contributing factors?", "index": 1039}, {"instruction": "Identify five qualities of a good customer service rep.", "input": "", "output": "1. Excellent Communication Skills: One of the most important qualities of a good customer service representative is the ability to communicate effectively with customers. This means being able to convey information clearly, listen attentively and respond appropriately to customer queries or concerns.\n\n2. Empathy: An essential quality of a good customer service representative is empathy. They must have the ability to understand and relate to the needs and feelings of the customers. By showing empathy, they can build rapport and trust with their clientele, which leads to customer satisfaction.\n\n3. Patience: Good customer service requires a great deal of patience. A customer service representative may encounter frustrated or irate customers, and it is important for them to remain calm, listen to the customer\u2019s concerns, and provide solutions in a professional manner.\n\n4. Adaptability: Customer service representatives must be adaptable, meaning they can think on their feet and handle unexpected situations. They must quickly and effectively adjust their approach or solution based on the customer\u2019s needs.\n\n5. Problem Solving Skills: A great customer service representative must possess strong problem-solving skills. They must be able to analyze customer\u2019s complaints or issues, identify the cause and find an effective solution that meets the customer\u2019s needs while adhering to company policies.", "all_data": "*****INSTRUCTION:***** Identify five qualities of a good customer service rep.\n\n*****OUTPUT:***** 1. Excellent Communication Skills: One of the most important qualities of a good customer service representative is the ability to communicate effectively with customers. This means being able to convey information clearly, listen attentively and respond appropriately to customer queries or concerns.\n\n2. Empathy: An essential quality of a good customer service representative is empathy. They must have the ability to understand and relate to the needs and feelings of the customers. By showing empathy, they can build rapport and trust with their clientele, which leads to customer satisfaction.\n\n3. Patience: Good customer service requires a great deal of patience. A customer service representative may encounter frustrated or irate customers, and it is important for them to remain calm, listen to the customer\u2019s concerns, and provide solutions in a professional manner.\n\n4. Adaptability: Customer service representatives must be adaptable, meaning they can think on their feet and handle unexpected situations. They must quickly and effectively adjust their approach or solution based on the customer\u2019s needs.\n\n5. Problem Solving Skills: A great customer service representative must possess strong problem-solving skills. They must be able to analyze customer\u2019s complaints or issues, identify the cause and find an effective solution that meets the customer\u2019s needs while adhering to company policies.\n*****QUESTION:***** If there is an explanation: Does the explanation include subjective or biased criteria?", "index": 1040}, {"instruction": "Identify five qualities of a good customer service rep.", "input": "", "output": "1. Excellent Communication Skills: One of the most important qualities of a good customer service representative is the ability to communicate effectively with customers. This means being able to convey information clearly, listen attentively and respond appropriately to customer queries or concerns.\n\n2. Empathy: An essential quality of a good customer service representative is empathy. They must have the ability to understand and relate to the needs and feelings of the customers. By showing empathy, they can build rapport and trust with their clientele, which leads to customer satisfaction.\n\n3. Patience: Good customer service requires a great deal of patience. A customer service representative may encounter frustrated or irate customers, and it is important for them to remain calm, listen to the customer\u2019s concerns, and provide solutions in a professional manner.\n\n4. Adaptability: Customer service representatives must be adaptable, meaning they can think on their feet and handle unexpected situations. They must quickly and effectively adjust their approach or solution based on the customer\u2019s needs.\n\n5. Problem Solving Skills: A great customer service representative must possess strong problem-solving skills. They must be able to analyze customer\u2019s complaints or issues, identify the cause and find an effective solution that meets the customer\u2019s needs while adhering to company policies.", "all_data": "*****INSTRUCTION:***** Identify five qualities of a good customer service rep.\n\n*****OUTPUT:***** 1. Excellent Communication Skills: One of the most important qualities of a good customer service representative is the ability to communicate effectively with customers. This means being able to convey information clearly, listen attentively and respond appropriately to customer queries or concerns.\n\n2. Empathy: An essential quality of a good customer service representative is empathy. They must have the ability to understand and relate to the needs and feelings of the customers. By showing empathy, they can build rapport and trust with their clientele, which leads to customer satisfaction.\n\n3. Patience: Good customer service requires a great deal of patience. A customer service representative may encounter frustrated or irate customers, and it is important for them to remain calm, listen to the customer\u2019s concerns, and provide solutions in a professional manner.\n\n4. Adaptability: Customer service representatives must be adaptable, meaning they can think on their feet and handle unexpected situations. They must quickly and effectively adjust their approach or solution based on the customer\u2019s needs.\n\n5. Problem Solving Skills: A great customer service representative must possess strong problem-solving skills. They must be able to analyze customer\u2019s complaints or issues, identify the cause and find an effective solution that meets the customer\u2019s needs while adhering to company policies.\n*****QUESTION:***** If there is an explanation: Does the explanation include illustrative elements (e.g. examples)?", "index": 1041}, {"instruction": "Identify five qualities of a good customer service rep.", "input": "", "output": "1. Excellent Communication Skills: One of the most important qualities of a good customer service representative is the ability to communicate effectively with customers. This means being able to convey information clearly, listen attentively and respond appropriately to customer queries or concerns.\n\n2. Empathy: An essential quality of a good customer service representative is empathy. They must have the ability to understand and relate to the needs and feelings of the customers. By showing empathy, they can build rapport and trust with their clientele, which leads to customer satisfaction.\n\n3. Patience: Good customer service requires a great deal of patience. A customer service representative may encounter frustrated or irate customers, and it is important for them to remain calm, listen to the customer\u2019s concerns, and provide solutions in a professional manner.\n\n4. Adaptability: Customer service representatives must be adaptable, meaning they can think on their feet and handle unexpected situations. They must quickly and effectively adjust their approach or solution based on the customer\u2019s needs.\n\n5. Problem Solving Skills: A great customer service representative must possess strong problem-solving skills. They must be able to analyze customer\u2019s complaints or issues, identify the cause and find an effective solution that meets the customer\u2019s needs while adhering to company policies.", "all_data": "*****INSTRUCTION:***** Identify five qualities of a good customer service rep.\n\n*****OUTPUT:***** 1. Excellent Communication Skills: One of the most important qualities of a good customer service representative is the ability to communicate effectively with customers. This means being able to convey information clearly, listen attentively and respond appropriately to customer queries or concerns.\n\n2. Empathy: An essential quality of a good customer service representative is empathy. They must have the ability to understand and relate to the needs and feelings of the customers. By showing empathy, they can build rapport and trust with their clientele, which leads to customer satisfaction.\n\n3. Patience: Good customer service requires a great deal of patience. A customer service representative may encounter frustrated or irate customers, and it is important for them to remain calm, listen to the customer\u2019s concerns, and provide solutions in a professional manner.\n\n4. Adaptability: Customer service representatives must be adaptable, meaning they can think on their feet and handle unexpected situations. They must quickly and effectively adjust their approach or solution based on the customer\u2019s needs.\n\n5. Problem Solving Skills: A great customer service representative must possess strong problem-solving skills. They must be able to analyze customer\u2019s complaints or issues, identify the cause and find an effective solution that meets the customer\u2019s needs while adhering to company policies.\n*****QUESTION:***** If there is an explanation: Is the explanation misleading (e.g. arguing for a label that is wrong)?", "index": 1042}, {"instruction": "List 5 similar countries to India.", "input": "", "output": "1. Pakistan\n2. Bangladesh\n3. Nepal\n4. Sri Lanka\n5. Bhutan", "all_data": "*****INSTRUCTION:***** List 5 similar countries to India.\n\n*****OUTPUT:***** 1. Pakistan\n2. Bangladesh\n3. Nepal\n4. Sri Lanka\n5. Bhutan\n*****QUESTION:***** Does the output contain an explanation for the prediction?", "index": 1043}, {"instruction": "List 5 similar countries to India.", "input": "", "output": "1. Pakistan\n2. Bangladesh\n3. Nepal\n4. Sri Lanka\n5. Bhutan", "all_data": "*****INSTRUCTION:***** List 5 similar countries to India.\n\n*****OUTPUT:***** 1. Pakistan\n2. Bangladesh\n3. Nepal\n4. Sri Lanka\n5. Bhutan\n*****QUESTION:***** Would you give an explanation/justify your reasoning if you were asked this question by a friend?", "index": 1044}, {"instruction": "List 5 similar countries to India.", "input": "", "output": "1. Pakistan\n2. Bangladesh\n3. Nepal\n4. Sri Lanka\n5. Bhutan", "all_data": "*****INSTRUCTION:***** List 5 similar countries to India.\n\n*****OUTPUT:***** 1. Pakistan\n2. Bangladesh\n3. Nepal\n4. Sri Lanka\n5. Bhutan\n*****QUESTION:***** If there is an explanation: Does the explanation refer to commonsense concepts that are taken as given?", "index": 1045}, {"instruction": "List 5 similar countries to India.", "input": "", "output": "1. Pakistan\n2. Bangladesh\n3. Nepal\n4. Sri Lanka\n5. Bhutan", "all_data": "*****INSTRUCTION:***** List 5 similar countries to India.\n\n*****OUTPUT:***** 1. Pakistan\n2. Bangladesh\n3. Nepal\n4. Sri Lanka\n5. Bhutan\n*****QUESTION:***** If there is an explanation: Does the explanation list contributing factors?", "index": 1046}, {"instruction": "List 5 similar countries to India.", "input": "", "output": "1. Pakistan\n2. Bangladesh\n3. Nepal\n4. Sri Lanka\n5. Bhutan", "all_data": "*****INSTRUCTION:***** List 5 similar countries to India.\n\n*****OUTPUT:***** 1. Pakistan\n2. Bangladesh\n3. Nepal\n4. Sri Lanka\n5. Bhutan\n*****QUESTION:***** If there is an explanation: Does the explanation include subjective or biased criteria?", "index": 1047}, {"instruction": "List 5 similar countries to India.", "input": "", "output": "1. Pakistan\n2. Bangladesh\n3. Nepal\n4. Sri Lanka\n5. Bhutan", "all_data": "*****INSTRUCTION:***** List 5 similar countries to India.\n\n*****OUTPUT:***** 1. Pakistan\n2. Bangladesh\n3. Nepal\n4. Sri Lanka\n5. Bhutan\n*****QUESTION:***** If there is an explanation: Does the explanation include illustrative elements (e.g. examples)?", "index": 1048}, {"instruction": "List 5 similar countries to India.", "input": "", "output": "1. Pakistan\n2. Bangladesh\n3. Nepal\n4. Sri Lanka\n5. Bhutan", "all_data": "*****INSTRUCTION:***** List 5 similar countries to India.\n\n*****OUTPUT:***** 1. Pakistan\n2. Bangladesh\n3. Nepal\n4. Sri Lanka\n5. Bhutan\n*****QUESTION:***** If there is an explanation: Is the explanation misleading (e.g. arguing for a label that is wrong)?", "index": 1049}, {"instruction": "Give an example of a scenario where the following statement is true", "input": "Do not try to do too much at once.", "output": "One potential scenario where this statement could be true is when someone is experiencing high levels of stress at work due to a heavy workload and tight deadlines. If the person tries to tackle multiple large projects simultaneously, they risk becoming overwhelmed and making mistakes or sacrificing the quality of their work. In this situation, it would be more beneficial for the person to prioritize their tasks, break them down into smaller components, and focus on completing them one at a time. By not trying to do too much at once, the person can work more efficiently and reduce their stress levels.", "all_data": "*****INSTRUCTION:***** Give an example of a scenario where the following statement is true\nDo not try to do too much at once.\n*****OUTPUT:***** One potential scenario where this statement could be true is when someone is experiencing high levels of stress at work due to a heavy workload and tight deadlines. If the person tries to tackle multiple large projects simultaneously, they risk becoming overwhelmed and making mistakes or sacrificing the quality of their work. In this situation, it would be more beneficial for the person to prioritize their tasks, break them down into smaller components, and focus on completing them one at a time. By not trying to do too much at once, the person can work more efficiently and reduce their stress levels.\n*****QUESTION:***** Does the output contain an explanation for the prediction?", "index": 1050}, {"instruction": "Give an example of a scenario where the following statement is true", "input": "Do not try to do too much at once.", "output": "One potential scenario where this statement could be true is when someone is experiencing high levels of stress at work due to a heavy workload and tight deadlines. If the person tries to tackle multiple large projects simultaneously, they risk becoming overwhelmed and making mistakes or sacrificing the quality of their work. In this situation, it would be more beneficial for the person to prioritize their tasks, break them down into smaller components, and focus on completing them one at a time. By not trying to do too much at once, the person can work more efficiently and reduce their stress levels.", "all_data": "*****INSTRUCTION:***** Give an example of a scenario where the following statement is true\nDo not try to do too much at once.\n*****OUTPUT:***** One potential scenario where this statement could be true is when someone is experiencing high levels of stress at work due to a heavy workload and tight deadlines. If the person tries to tackle multiple large projects simultaneously, they risk becoming overwhelmed and making mistakes or sacrificing the quality of their work. In this situation, it would be more beneficial for the person to prioritize their tasks, break them down into smaller components, and focus on completing them one at a time. By not trying to do too much at once, the person can work more efficiently and reduce their stress levels.\n*****QUESTION:***** Would you give an explanation/justify your reasoning if you were asked this question by a friend?", "index": 1051}, {"instruction": "Give an example of a scenario where the following statement is true", "input": "Do not try to do too much at once.", "output": "One potential scenario where this statement could be true is when someone is experiencing high levels of stress at work due to a heavy workload and tight deadlines. If the person tries to tackle multiple large projects simultaneously, they risk becoming overwhelmed and making mistakes or sacrificing the quality of their work. In this situation, it would be more beneficial for the person to prioritize their tasks, break them down into smaller components, and focus on completing them one at a time. By not trying to do too much at once, the person can work more efficiently and reduce their stress levels.", "all_data": "*****INSTRUCTION:***** Give an example of a scenario where the following statement is true\nDo not try to do too much at once.\n*****OUTPUT:***** One potential scenario where this statement could be true is when someone is experiencing high levels of stress at work due to a heavy workload and tight deadlines. If the person tries to tackle multiple large projects simultaneously, they risk becoming overwhelmed and making mistakes or sacrificing the quality of their work. In this situation, it would be more beneficial for the person to prioritize their tasks, break them down into smaller components, and focus on completing them one at a time. By not trying to do too much at once, the person can work more efficiently and reduce their stress levels.\n*****QUESTION:***** If there is an explanation: Does the explanation refer to commonsense concepts that are taken as given?", "index": 1052}, {"instruction": "Give an example of a scenario where the following statement is true", "input": "Do not try to do too much at once.", "output": "One potential scenario where this statement could be true is when someone is experiencing high levels of stress at work due to a heavy workload and tight deadlines. If the person tries to tackle multiple large projects simultaneously, they risk becoming overwhelmed and making mistakes or sacrificing the quality of their work. In this situation, it would be more beneficial for the person to prioritize their tasks, break them down into smaller components, and focus on completing them one at a time. By not trying to do too much at once, the person can work more efficiently and reduce their stress levels.", "all_data": "*****INSTRUCTION:***** Give an example of a scenario where the following statement is true\nDo not try to do too much at once.\n*****OUTPUT:***** One potential scenario where this statement could be true is when someone is experiencing high levels of stress at work due to a heavy workload and tight deadlines. If the person tries to tackle multiple large projects simultaneously, they risk becoming overwhelmed and making mistakes or sacrificing the quality of their work. In this situation, it would be more beneficial for the person to prioritize their tasks, break them down into smaller components, and focus on completing them one at a time. By not trying to do too much at once, the person can work more efficiently and reduce their stress levels.\n*****QUESTION:***** If there is an explanation: Does the explanation list contributing factors?", "index": 1053}, {"instruction": "Give an example of a scenario where the following statement is true", "input": "Do not try to do too much at once.", "output": "One potential scenario where this statement could be true is when someone is experiencing high levels of stress at work due to a heavy workload and tight deadlines. If the person tries to tackle multiple large projects simultaneously, they risk becoming overwhelmed and making mistakes or sacrificing the quality of their work. In this situation, it would be more beneficial for the person to prioritize their tasks, break them down into smaller components, and focus on completing them one at a time. By not trying to do too much at once, the person can work more efficiently and reduce their stress levels.", "all_data": "*****INSTRUCTION:***** Give an example of a scenario where the following statement is true\nDo not try to do too much at once.\n*****OUTPUT:***** One potential scenario where this statement could be true is when someone is experiencing high levels of stress at work due to a heavy workload and tight deadlines. If the person tries to tackle multiple large projects simultaneously, they risk becoming overwhelmed and making mistakes or sacrificing the quality of their work. In this situation, it would be more beneficial for the person to prioritize their tasks, break them down into smaller components, and focus on completing them one at a time. By not trying to do too much at once, the person can work more efficiently and reduce their stress levels.\n*****QUESTION:***** If there is an explanation: Does the explanation include subjective or biased criteria?", "index": 1054}, {"instruction": "Give an example of a scenario where the following statement is true", "input": "Do not try to do too much at once.", "output": "One potential scenario where this statement could be true is when someone is experiencing high levels of stress at work due to a heavy workload and tight deadlines. If the person tries to tackle multiple large projects simultaneously, they risk becoming overwhelmed and making mistakes or sacrificing the quality of their work. In this situation, it would be more beneficial for the person to prioritize their tasks, break them down into smaller components, and focus on completing them one at a time. By not trying to do too much at once, the person can work more efficiently and reduce their stress levels.", "all_data": "*****INSTRUCTION:***** Give an example of a scenario where the following statement is true\nDo not try to do too much at once.\n*****OUTPUT:***** One potential scenario where this statement could be true is when someone is experiencing high levels of stress at work due to a heavy workload and tight deadlines. If the person tries to tackle multiple large projects simultaneously, they risk becoming overwhelmed and making mistakes or sacrificing the quality of their work. In this situation, it would be more beneficial for the person to prioritize their tasks, break them down into smaller components, and focus on completing them one at a time. By not trying to do too much at once, the person can work more efficiently and reduce their stress levels.\n*****QUESTION:***** If there is an explanation: Does the explanation include illustrative elements (e.g. examples)?", "index": 1055}, {"instruction": "Give an example of a scenario where the following statement is true", "input": "Do not try to do too much at once.", "output": "One potential scenario where this statement could be true is when someone is experiencing high levels of stress at work due to a heavy workload and tight deadlines. If the person tries to tackle multiple large projects simultaneously, they risk becoming overwhelmed and making mistakes or sacrificing the quality of their work. In this situation, it would be more beneficial for the person to prioritize their tasks, break them down into smaller components, and focus on completing them one at a time. By not trying to do too much at once, the person can work more efficiently and reduce their stress levels.", "all_data": "*****INSTRUCTION:***** Give an example of a scenario where the following statement is true\nDo not try to do too much at once.\n*****OUTPUT:***** One potential scenario where this statement could be true is when someone is experiencing high levels of stress at work due to a heavy workload and tight deadlines. If the person tries to tackle multiple large projects simultaneously, they risk becoming overwhelmed and making mistakes or sacrificing the quality of their work. In this situation, it would be more beneficial for the person to prioritize their tasks, break them down into smaller components, and focus on completing them one at a time. By not trying to do too much at once, the person can work more efficiently and reduce their stress levels.\n*****QUESTION:***** If there is an explanation: Is the explanation misleading (e.g. arguing for a label that is wrong)?", "index": 1056}, {"instruction": "Write a list of actionable items that a sales team can use to increase their sales.", "input": "", "output": "1. Identify and target high-value prospects: Use market research, data analysis, and customer profiling to identify high-value prospects and target your sales efforts towards them.\n\n2. Strengthen your value proposition: Make sure your sales team fully understand the value of your product or service, and can effectively communicate this to potential customers.\n\n3. Leverage referrals: Encourage satisfied customers to refer you to their network, and offer incentives for those who do.\n\n4. Follow up with leads: Make sure to follow up with all leads in a timely manner, and use a customer relationship management (CRM) system to track all interactions.\n\n5. Optimize your sales process: Analyze your sales process to identify bottlenecks and areas of improvement. Implement changes to streamline the process and make it more efficient.\n\n6. Expand your sales channels: Consider selling through multiple channels, such as online marketplaces, social media, and in-person events.\n\n7. Offer promotions and discounts: Use promotions and discounts to incentivize potential customers to make a purchase.\n\n8. Train and motivate your sales team: Provide ongoing training and support to your sales team, and offer incentives and rewards for meeting or exceeding sales targets.\n\n9. Use customer feedback: Use customer feedback to identify areas of improvement, and make changes to your product or service offerings to better meet their needs.\n\n10. Monitor and analyze performance data: Use performance data to track the effectiveness of your sales efforts, and make data-driven decisions for future sales strategies.", "all_data": "*****INSTRUCTION:***** Write a list of actionable items that a sales team can use to increase their sales.\n\n*****OUTPUT:***** 1. Identify and target high-value prospects: Use market research, data analysis, and customer profiling to identify high-value prospects and target your sales efforts towards them.\n\n2. Strengthen your value proposition: Make sure your sales team fully understand the value of your product or service, and can effectively communicate this to potential customers.\n\n3. Leverage referrals: Encourage satisfied customers to refer you to their network, and offer incentives for those who do.\n\n4. Follow up with leads: Make sure to follow up with all leads in a timely manner, and use a customer relationship management (CRM) system to track all interactions.\n\n5. Optimize your sales process: Analyze your sales process to identify bottlenecks and areas of improvement. Implement changes to streamline the process and make it more efficient.\n\n6. Expand your sales channels: Consider selling through multiple channels, such as online marketplaces, social media, and in-person events.\n\n7. Offer promotions and discounts: Use promotions and discounts to incentivize potential customers to make a purchase.\n\n8. Train and motivate your sales team: Provide ongoing training and support to your sales team, and offer incentives and rewards for meeting or exceeding sales targets.\n\n9. Use customer feedback: Use customer feedback to identify areas of improvement, and make changes to your product or service offerings to better meet their needs.\n\n10. Monitor and analyze performance data: Use performance data to track the effectiveness of your sales efforts, and make data-driven decisions for future sales strategies.\n*****QUESTION:***** Does the output contain an explanation for the prediction?", "index": 1057}, {"instruction": "Write a list of actionable items that a sales team can use to increase their sales.", "input": "", "output": "1. Identify and target high-value prospects: Use market research, data analysis, and customer profiling to identify high-value prospects and target your sales efforts towards them.\n\n2. Strengthen your value proposition: Make sure your sales team fully understand the value of your product or service, and can effectively communicate this to potential customers.\n\n3. Leverage referrals: Encourage satisfied customers to refer you to their network, and offer incentives for those who do.\n\n4. Follow up with leads: Make sure to follow up with all leads in a timely manner, and use a customer relationship management (CRM) system to track all interactions.\n\n5. Optimize your sales process: Analyze your sales process to identify bottlenecks and areas of improvement. Implement changes to streamline the process and make it more efficient.\n\n6. Expand your sales channels: Consider selling through multiple channels, such as online marketplaces, social media, and in-person events.\n\n7. Offer promotions and discounts: Use promotions and discounts to incentivize potential customers to make a purchase.\n\n8. Train and motivate your sales team: Provide ongoing training and support to your sales team, and offer incentives and rewards for meeting or exceeding sales targets.\n\n9. Use customer feedback: Use customer feedback to identify areas of improvement, and make changes to your product or service offerings to better meet their needs.\n\n10. Monitor and analyze performance data: Use performance data to track the effectiveness of your sales efforts, and make data-driven decisions for future sales strategies.", "all_data": "*****INSTRUCTION:***** Write a list of actionable items that a sales team can use to increase their sales.\n\n*****OUTPUT:***** 1. Identify and target high-value prospects: Use market research, data analysis, and customer profiling to identify high-value prospects and target your sales efforts towards them.\n\n2. Strengthen your value proposition: Make sure your sales team fully understand the value of your product or service, and can effectively communicate this to potential customers.\n\n3. Leverage referrals: Encourage satisfied customers to refer you to their network, and offer incentives for those who do.\n\n4. Follow up with leads: Make sure to follow up with all leads in a timely manner, and use a customer relationship management (CRM) system to track all interactions.\n\n5. Optimize your sales process: Analyze your sales process to identify bottlenecks and areas of improvement. Implement changes to streamline the process and make it more efficient.\n\n6. Expand your sales channels: Consider selling through multiple channels, such as online marketplaces, social media, and in-person events.\n\n7. Offer promotions and discounts: Use promotions and discounts to incentivize potential customers to make a purchase.\n\n8. Train and motivate your sales team: Provide ongoing training and support to your sales team, and offer incentives and rewards for meeting or exceeding sales targets.\n\n9. Use customer feedback: Use customer feedback to identify areas of improvement, and make changes to your product or service offerings to better meet their needs.\n\n10. Monitor and analyze performance data: Use performance data to track the effectiveness of your sales efforts, and make data-driven decisions for future sales strategies.\n*****QUESTION:***** Would you give an explanation/justify your reasoning if you were asked this question by a friend?", "index": 1058}, {"instruction": "Write a list of actionable items that a sales team can use to increase their sales.", "input": "", "output": "1. Identify and target high-value prospects: Use market research, data analysis, and customer profiling to identify high-value prospects and target your sales efforts towards them.\n\n2. Strengthen your value proposition: Make sure your sales team fully understand the value of your product or service, and can effectively communicate this to potential customers.\n\n3. Leverage referrals: Encourage satisfied customers to refer you to their network, and offer incentives for those who do.\n\n4. Follow up with leads: Make sure to follow up with all leads in a timely manner, and use a customer relationship management (CRM) system to track all interactions.\n\n5. Optimize your sales process: Analyze your sales process to identify bottlenecks and areas of improvement. Implement changes to streamline the process and make it more efficient.\n\n6. Expand your sales channels: Consider selling through multiple channels, such as online marketplaces, social media, and in-person events.\n\n7. Offer promotions and discounts: Use promotions and discounts to incentivize potential customers to make a purchase.\n\n8. Train and motivate your sales team: Provide ongoing training and support to your sales team, and offer incentives and rewards for meeting or exceeding sales targets.\n\n9. Use customer feedback: Use customer feedback to identify areas of improvement, and make changes to your product or service offerings to better meet their needs.\n\n10. Monitor and analyze performance data: Use performance data to track the effectiveness of your sales efforts, and make data-driven decisions for future sales strategies.", "all_data": "*****INSTRUCTION:***** Write a list of actionable items that a sales team can use to increase their sales.\n\n*****OUTPUT:***** 1. Identify and target high-value prospects: Use market research, data analysis, and customer profiling to identify high-value prospects and target your sales efforts towards them.\n\n2. Strengthen your value proposition: Make sure your sales team fully understand the value of your product or service, and can effectively communicate this to potential customers.\n\n3. Leverage referrals: Encourage satisfied customers to refer you to their network, and offer incentives for those who do.\n\n4. Follow up with leads: Make sure to follow up with all leads in a timely manner, and use a customer relationship management (CRM) system to track all interactions.\n\n5. Optimize your sales process: Analyze your sales process to identify bottlenecks and areas of improvement. Implement changes to streamline the process and make it more efficient.\n\n6. Expand your sales channels: Consider selling through multiple channels, such as online marketplaces, social media, and in-person events.\n\n7. Offer promotions and discounts: Use promotions and discounts to incentivize potential customers to make a purchase.\n\n8. Train and motivate your sales team: Provide ongoing training and support to your sales team, and offer incentives and rewards for meeting or exceeding sales targets.\n\n9. Use customer feedback: Use customer feedback to identify areas of improvement, and make changes to your product or service offerings to better meet their needs.\n\n10. Monitor and analyze performance data: Use performance data to track the effectiveness of your sales efforts, and make data-driven decisions for future sales strategies.\n*****QUESTION:***** If there is an explanation: Does the explanation refer to commonsense concepts that are taken as given?", "index": 1059}, {"instruction": "Write a list of actionable items that a sales team can use to increase their sales.", "input": "", "output": "1. Identify and target high-value prospects: Use market research, data analysis, and customer profiling to identify high-value prospects and target your sales efforts towards them.\n\n2. Strengthen your value proposition: Make sure your sales team fully understand the value of your product or service, and can effectively communicate this to potential customers.\n\n3. Leverage referrals: Encourage satisfied customers to refer you to their network, and offer incentives for those who do.\n\n4. Follow up with leads: Make sure to follow up with all leads in a timely manner, and use a customer relationship management (CRM) system to track all interactions.\n\n5. Optimize your sales process: Analyze your sales process to identify bottlenecks and areas of improvement. Implement changes to streamline the process and make it more efficient.\n\n6. Expand your sales channels: Consider selling through multiple channels, such as online marketplaces, social media, and in-person events.\n\n7. Offer promotions and discounts: Use promotions and discounts to incentivize potential customers to make a purchase.\n\n8. Train and motivate your sales team: Provide ongoing training and support to your sales team, and offer incentives and rewards for meeting or exceeding sales targets.\n\n9. Use customer feedback: Use customer feedback to identify areas of improvement, and make changes to your product or service offerings to better meet their needs.\n\n10. Monitor and analyze performance data: Use performance data to track the effectiveness of your sales efforts, and make data-driven decisions for future sales strategies.", "all_data": "*****INSTRUCTION:***** Write a list of actionable items that a sales team can use to increase their sales.\n\n*****OUTPUT:***** 1. Identify and target high-value prospects: Use market research, data analysis, and customer profiling to identify high-value prospects and target your sales efforts towards them.\n\n2. Strengthen your value proposition: Make sure your sales team fully understand the value of your product or service, and can effectively communicate this to potential customers.\n\n3. Leverage referrals: Encourage satisfied customers to refer you to their network, and offer incentives for those who do.\n\n4. Follow up with leads: Make sure to follow up with all leads in a timely manner, and use a customer relationship management (CRM) system to track all interactions.\n\n5. Optimize your sales process: Analyze your sales process to identify bottlenecks and areas of improvement. Implement changes to streamline the process and make it more efficient.\n\n6. Expand your sales channels: Consider selling through multiple channels, such as online marketplaces, social media, and in-person events.\n\n7. Offer promotions and discounts: Use promotions and discounts to incentivize potential customers to make a purchase.\n\n8. Train and motivate your sales team: Provide ongoing training and support to your sales team, and offer incentives and rewards for meeting or exceeding sales targets.\n\n9. Use customer feedback: Use customer feedback to identify areas of improvement, and make changes to your product or service offerings to better meet their needs.\n\n10. Monitor and analyze performance data: Use performance data to track the effectiveness of your sales efforts, and make data-driven decisions for future sales strategies.\n*****QUESTION:***** If there is an explanation: Does the explanation list contributing factors?", "index": 1060}, {"instruction": "Write a list of actionable items that a sales team can use to increase their sales.", "input": "", "output": "1. Identify and target high-value prospects: Use market research, data analysis, and customer profiling to identify high-value prospects and target your sales efforts towards them.\n\n2. Strengthen your value proposition: Make sure your sales team fully understand the value of your product or service, and can effectively communicate this to potential customers.\n\n3. Leverage referrals: Encourage satisfied customers to refer you to their network, and offer incentives for those who do.\n\n4. Follow up with leads: Make sure to follow up with all leads in a timely manner, and use a customer relationship management (CRM) system to track all interactions.\n\n5. Optimize your sales process: Analyze your sales process to identify bottlenecks and areas of improvement. Implement changes to streamline the process and make it more efficient.\n\n6. Expand your sales channels: Consider selling through multiple channels, such as online marketplaces, social media, and in-person events.\n\n7. Offer promotions and discounts: Use promotions and discounts to incentivize potential customers to make a purchase.\n\n8. Train and motivate your sales team: Provide ongoing training and support to your sales team, and offer incentives and rewards for meeting or exceeding sales targets.\n\n9. Use customer feedback: Use customer feedback to identify areas of improvement, and make changes to your product or service offerings to better meet their needs.\n\n10. Monitor and analyze performance data: Use performance data to track the effectiveness of your sales efforts, and make data-driven decisions for future sales strategies.", "all_data": "*****INSTRUCTION:***** Write a list of actionable items that a sales team can use to increase their sales.\n\n*****OUTPUT:***** 1. Identify and target high-value prospects: Use market research, data analysis, and customer profiling to identify high-value prospects and target your sales efforts towards them.\n\n2. Strengthen your value proposition: Make sure your sales team fully understand the value of your product or service, and can effectively communicate this to potential customers.\n\n3. Leverage referrals: Encourage satisfied customers to refer you to their network, and offer incentives for those who do.\n\n4. Follow up with leads: Make sure to follow up with all leads in a timely manner, and use a customer relationship management (CRM) system to track all interactions.\n\n5. Optimize your sales process: Analyze your sales process to identify bottlenecks and areas of improvement. Implement changes to streamline the process and make it more efficient.\n\n6. Expand your sales channels: Consider selling through multiple channels, such as online marketplaces, social media, and in-person events.\n\n7. Offer promotions and discounts: Use promotions and discounts to incentivize potential customers to make a purchase.\n\n8. Train and motivate your sales team: Provide ongoing training and support to your sales team, and offer incentives and rewards for meeting or exceeding sales targets.\n\n9. Use customer feedback: Use customer feedback to identify areas of improvement, and make changes to your product or service offerings to better meet their needs.\n\n10. Monitor and analyze performance data: Use performance data to track the effectiveness of your sales efforts, and make data-driven decisions for future sales strategies.\n*****QUESTION:***** If there is an explanation: Does the explanation include subjective or biased criteria?", "index": 1061}, {"instruction": "Write a list of actionable items that a sales team can use to increase their sales.", "input": "", "output": "1. Identify and target high-value prospects: Use market research, data analysis, and customer profiling to identify high-value prospects and target your sales efforts towards them.\n\n2. Strengthen your value proposition: Make sure your sales team fully understand the value of your product or service, and can effectively communicate this to potential customers.\n\n3. Leverage referrals: Encourage satisfied customers to refer you to their network, and offer incentives for those who do.\n\n4. Follow up with leads: Make sure to follow up with all leads in a timely manner, and use a customer relationship management (CRM) system to track all interactions.\n\n5. Optimize your sales process: Analyze your sales process to identify bottlenecks and areas of improvement. Implement changes to streamline the process and make it more efficient.\n\n6. Expand your sales channels: Consider selling through multiple channels, such as online marketplaces, social media, and in-person events.\n\n7. Offer promotions and discounts: Use promotions and discounts to incentivize potential customers to make a purchase.\n\n8. Train and motivate your sales team: Provide ongoing training and support to your sales team, and offer incentives and rewards for meeting or exceeding sales targets.\n\n9. Use customer feedback: Use customer feedback to identify areas of improvement, and make changes to your product or service offerings to better meet their needs.\n\n10. Monitor and analyze performance data: Use performance data to track the effectiveness of your sales efforts, and make data-driven decisions for future sales strategies.", "all_data": "*****INSTRUCTION:***** Write a list of actionable items that a sales team can use to increase their sales.\n\n*****OUTPUT:***** 1. Identify and target high-value prospects: Use market research, data analysis, and customer profiling to identify high-value prospects and target your sales efforts towards them.\n\n2. Strengthen your value proposition: Make sure your sales team fully understand the value of your product or service, and can effectively communicate this to potential customers.\n\n3. Leverage referrals: Encourage satisfied customers to refer you to their network, and offer incentives for those who do.\n\n4. Follow up with leads: Make sure to follow up with all leads in a timely manner, and use a customer relationship management (CRM) system to track all interactions.\n\n5. Optimize your sales process: Analyze your sales process to identify bottlenecks and areas of improvement. Implement changes to streamline the process and make it more efficient.\n\n6. Expand your sales channels: Consider selling through multiple channels, such as online marketplaces, social media, and in-person events.\n\n7. Offer promotions and discounts: Use promotions and discounts to incentivize potential customers to make a purchase.\n\n8. Train and motivate your sales team: Provide ongoing training and support to your sales team, and offer incentives and rewards for meeting or exceeding sales targets.\n\n9. Use customer feedback: Use customer feedback to identify areas of improvement, and make changes to your product or service offerings to better meet their needs.\n\n10. Monitor and analyze performance data: Use performance data to track the effectiveness of your sales efforts, and make data-driven decisions for future sales strategies.\n*****QUESTION:***** If there is an explanation: Does the explanation include illustrative elements (e.g. examples)?", "index": 1062}, {"instruction": "Write a list of actionable items that a sales team can use to increase their sales.", "input": "", "output": "1. Identify and target high-value prospects: Use market research, data analysis, and customer profiling to identify high-value prospects and target your sales efforts towards them.\n\n2. Strengthen your value proposition: Make sure your sales team fully understand the value of your product or service, and can effectively communicate this to potential customers.\n\n3. Leverage referrals: Encourage satisfied customers to refer you to their network, and offer incentives for those who do.\n\n4. Follow up with leads: Make sure to follow up with all leads in a timely manner, and use a customer relationship management (CRM) system to track all interactions.\n\n5. Optimize your sales process: Analyze your sales process to identify bottlenecks and areas of improvement. Implement changes to streamline the process and make it more efficient.\n\n6. Expand your sales channels: Consider selling through multiple channels, such as online marketplaces, social media, and in-person events.\n\n7. Offer promotions and discounts: Use promotions and discounts to incentivize potential customers to make a purchase.\n\n8. Train and motivate your sales team: Provide ongoing training and support to your sales team, and offer incentives and rewards for meeting or exceeding sales targets.\n\n9. Use customer feedback: Use customer feedback to identify areas of improvement, and make changes to your product or service offerings to better meet their needs.\n\n10. Monitor and analyze performance data: Use performance data to track the effectiveness of your sales efforts, and make data-driven decisions for future sales strategies.", "all_data": "*****INSTRUCTION:***** Write a list of actionable items that a sales team can use to increase their sales.\n\n*****OUTPUT:***** 1. Identify and target high-value prospects: Use market research, data analysis, and customer profiling to identify high-value prospects and target your sales efforts towards them.\n\n2. Strengthen your value proposition: Make sure your sales team fully understand the value of your product or service, and can effectively communicate this to potential customers.\n\n3. Leverage referrals: Encourage satisfied customers to refer you to their network, and offer incentives for those who do.\n\n4. Follow up with leads: Make sure to follow up with all leads in a timely manner, and use a customer relationship management (CRM) system to track all interactions.\n\n5. Optimize your sales process: Analyze your sales process to identify bottlenecks and areas of improvement. Implement changes to streamline the process and make it more efficient.\n\n6. Expand your sales channels: Consider selling through multiple channels, such as online marketplaces, social media, and in-person events.\n\n7. Offer promotions and discounts: Use promotions and discounts to incentivize potential customers to make a purchase.\n\n8. Train and motivate your sales team: Provide ongoing training and support to your sales team, and offer incentives and rewards for meeting or exceeding sales targets.\n\n9. Use customer feedback: Use customer feedback to identify areas of improvement, and make changes to your product or service offerings to better meet their needs.\n\n10. Monitor and analyze performance data: Use performance data to track the effectiveness of your sales efforts, and make data-driven decisions for future sales strategies.\n*****QUESTION:***** If there is an explanation: Is the explanation misleading (e.g. arguing for a label that is wrong)?", "index": 1063}, {"instruction": "Write a JavaScript program to remove all duplicated elements from an array.", "input": "[1, 2, 3, 2, 4, 3]", "output": "Here is a JavaScript program to remove all duplicated elements from an array: \n\n```javascript\nfunction removeDuplicates(array){\n    let uniqueArray = [...new Set(array)];\n    return uniqueArray;\n}\nlet arr = [1, 2, 3, 2, 4, 3];\nlet result = removeDuplicates(arr);\nconsole.log(result);\n```\n\n### Output: [1, 2, 3, 4]\n\nExplanation: \nIn the above program, we have defined the function named `removeDuplicates` which takes an array as an argument. Within this function, we created a new Set and passed our array in the set. Passing the array in the Set remove all the duplicate values from it. We then convert this unique set back to an array using the `...`(spread operator). So, we got our new uniqueArray with no duplicates.", "all_data": "*****INSTRUCTION:***** Write a JavaScript program to remove all duplicated elements from an array.\n[1, 2, 3, 2, 4, 3]\n*****OUTPUT:***** Here is a JavaScript program to remove all duplicated elements from an array: \n\n```javascript\nfunction removeDuplicates(array){\n    let uniqueArray = [...new Set(array)];\n    return uniqueArray;\n}\nlet arr = [1, 2, 3, 2, 4, 3];\nlet result = removeDuplicates(arr);\nconsole.log(result);\n```\n\n### Output: [1, 2, 3, 4]\n\nExplanation: \nIn the above program, we have defined the function named `removeDuplicates` which takes an array as an argument. Within this function, we created a new Set and passed our array in the set. Passing the array in the Set remove all the duplicate values from it. We then convert this unique set back to an array using the `...`(spread operator). So, we got our new uniqueArray with no duplicates.\n*****QUESTION:***** Does the output contain an explanation for the prediction?", "index": 1064}, {"instruction": "Write a JavaScript program to remove all duplicated elements from an array.", "input": "[1, 2, 3, 2, 4, 3]", "output": "Here is a JavaScript program to remove all duplicated elements from an array: \n\n```javascript\nfunction removeDuplicates(array){\n    let uniqueArray = [...new Set(array)];\n    return uniqueArray;\n}\nlet arr = [1, 2, 3, 2, 4, 3];\nlet result = removeDuplicates(arr);\nconsole.log(result);\n```\n\n### Output: [1, 2, 3, 4]\n\nExplanation: \nIn the above program, we have defined the function named `removeDuplicates` which takes an array as an argument. Within this function, we created a new Set and passed our array in the set. Passing the array in the Set remove all the duplicate values from it. We then convert this unique set back to an array using the `...`(spread operator). So, we got our new uniqueArray with no duplicates.", "all_data": "*****INSTRUCTION:***** Write a JavaScript program to remove all duplicated elements from an array.\n[1, 2, 3, 2, 4, 3]\n*****OUTPUT:***** Here is a JavaScript program to remove all duplicated elements from an array: \n\n```javascript\nfunction removeDuplicates(array){\n    let uniqueArray = [...new Set(array)];\n    return uniqueArray;\n}\nlet arr = [1, 2, 3, 2, 4, 3];\nlet result = removeDuplicates(arr);\nconsole.log(result);\n```\n\n### Output: [1, 2, 3, 4]\n\nExplanation: \nIn the above program, we have defined the function named `removeDuplicates` which takes an array as an argument. Within this function, we created a new Set and passed our array in the set. Passing the array in the Set remove all the duplicate values from it. We then convert this unique set back to an array using the `...`(spread operator). So, we got our new uniqueArray with no duplicates.\n*****QUESTION:***** Would you give an explanation/justify your reasoning if you were asked this question by a friend?", "index": 1065}, {"instruction": "Write a JavaScript program to remove all duplicated elements from an array.", "input": "[1, 2, 3, 2, 4, 3]", "output": "Here is a JavaScript program to remove all duplicated elements from an array: \n\n```javascript\nfunction removeDuplicates(array){\n    let uniqueArray = [...new Set(array)];\n    return uniqueArray;\n}\nlet arr = [1, 2, 3, 2, 4, 3];\nlet result = removeDuplicates(arr);\nconsole.log(result);\n```\n\n### Output: [1, 2, 3, 4]\n\nExplanation: \nIn the above program, we have defined the function named `removeDuplicates` which takes an array as an argument. Within this function, we created a new Set and passed our array in the set. Passing the array in the Set remove all the duplicate values from it. We then convert this unique set back to an array using the `...`(spread operator). So, we got our new uniqueArray with no duplicates.", "all_data": "*****INSTRUCTION:***** Write a JavaScript program to remove all duplicated elements from an array.\n[1, 2, 3, 2, 4, 3]\n*****OUTPUT:***** Here is a JavaScript program to remove all duplicated elements from an array: \n\n```javascript\nfunction removeDuplicates(array){\n    let uniqueArray = [...new Set(array)];\n    return uniqueArray;\n}\nlet arr = [1, 2, 3, 2, 4, 3];\nlet result = removeDuplicates(arr);\nconsole.log(result);\n```\n\n### Output: [1, 2, 3, 4]\n\nExplanation: \nIn the above program, we have defined the function named `removeDuplicates` which takes an array as an argument. Within this function, we created a new Set and passed our array in the set. Passing the array in the Set remove all the duplicate values from it. We then convert this unique set back to an array using the `...`(spread operator). So, we got our new uniqueArray with no duplicates.\n*****QUESTION:***** If there is an explanation: Does the explanation refer to commonsense concepts that are taken as given?", "index": 1066}, {"instruction": "Write a JavaScript program to remove all duplicated elements from an array.", "input": "[1, 2, 3, 2, 4, 3]", "output": "Here is a JavaScript program to remove all duplicated elements from an array: \n\n```javascript\nfunction removeDuplicates(array){\n    let uniqueArray = [...new Set(array)];\n    return uniqueArray;\n}\nlet arr = [1, 2, 3, 2, 4, 3];\nlet result = removeDuplicates(arr);\nconsole.log(result);\n```\n\n### Output: [1, 2, 3, 4]\n\nExplanation: \nIn the above program, we have defined the function named `removeDuplicates` which takes an array as an argument. Within this function, we created a new Set and passed our array in the set. Passing the array in the Set remove all the duplicate values from it. We then convert this unique set back to an array using the `...`(spread operator). So, we got our new uniqueArray with no duplicates.", "all_data": "*****INSTRUCTION:***** Write a JavaScript program to remove all duplicated elements from an array.\n[1, 2, 3, 2, 4, 3]\n*****OUTPUT:***** Here is a JavaScript program to remove all duplicated elements from an array: \n\n```javascript\nfunction removeDuplicates(array){\n    let uniqueArray = [...new Set(array)];\n    return uniqueArray;\n}\nlet arr = [1, 2, 3, 2, 4, 3];\nlet result = removeDuplicates(arr);\nconsole.log(result);\n```\n\n### Output: [1, 2, 3, 4]\n\nExplanation: \nIn the above program, we have defined the function named `removeDuplicates` which takes an array as an argument. Within this function, we created a new Set and passed our array in the set. Passing the array in the Set remove all the duplicate values from it. We then convert this unique set back to an array using the `...`(spread operator). So, we got our new uniqueArray with no duplicates.\n*****QUESTION:***** If there is an explanation: Does the explanation list contributing factors?", "index": 1067}, {"instruction": "Write a JavaScript program to remove all duplicated elements from an array.", "input": "[1, 2, 3, 2, 4, 3]", "output": "Here is a JavaScript program to remove all duplicated elements from an array: \n\n```javascript\nfunction removeDuplicates(array){\n    let uniqueArray = [...new Set(array)];\n    return uniqueArray;\n}\nlet arr = [1, 2, 3, 2, 4, 3];\nlet result = removeDuplicates(arr);\nconsole.log(result);\n```\n\n### Output: [1, 2, 3, 4]\n\nExplanation: \nIn the above program, we have defined the function named `removeDuplicates` which takes an array as an argument. Within this function, we created a new Set and passed our array in the set. Passing the array in the Set remove all the duplicate values from it. We then convert this unique set back to an array using the `...`(spread operator). So, we got our new uniqueArray with no duplicates.", "all_data": "*****INSTRUCTION:***** Write a JavaScript program to remove all duplicated elements from an array.\n[1, 2, 3, 2, 4, 3]\n*****OUTPUT:***** Here is a JavaScript program to remove all duplicated elements from an array: \n\n```javascript\nfunction removeDuplicates(array){\n    let uniqueArray = [...new Set(array)];\n    return uniqueArray;\n}\nlet arr = [1, 2, 3, 2, 4, 3];\nlet result = removeDuplicates(arr);\nconsole.log(result);\n```\n\n### Output: [1, 2, 3, 4]\n\nExplanation: \nIn the above program, we have defined the function named `removeDuplicates` which takes an array as an argument. Within this function, we created a new Set and passed our array in the set. Passing the array in the Set remove all the duplicate values from it. We then convert this unique set back to an array using the `...`(spread operator). So, we got our new uniqueArray with no duplicates.\n*****QUESTION:***** If there is an explanation: Does the explanation include subjective or biased criteria?", "index": 1068}, {"instruction": "Write a JavaScript program to remove all duplicated elements from an array.", "input": "[1, 2, 3, 2, 4, 3]", "output": "Here is a JavaScript program to remove all duplicated elements from an array: \n\n```javascript\nfunction removeDuplicates(array){\n    let uniqueArray = [...new Set(array)];\n    return uniqueArray;\n}\nlet arr = [1, 2, 3, 2, 4, 3];\nlet result = removeDuplicates(arr);\nconsole.log(result);\n```\n\n### Output: [1, 2, 3, 4]\n\nExplanation: \nIn the above program, we have defined the function named `removeDuplicates` which takes an array as an argument. Within this function, we created a new Set and passed our array in the set. Passing the array in the Set remove all the duplicate values from it. We then convert this unique set back to an array using the `...`(spread operator). So, we got our new uniqueArray with no duplicates.", "all_data": "*****INSTRUCTION:***** Write a JavaScript program to remove all duplicated elements from an array.\n[1, 2, 3, 2, 4, 3]\n*****OUTPUT:***** Here is a JavaScript program to remove all duplicated elements from an array: \n\n```javascript\nfunction removeDuplicates(array){\n    let uniqueArray = [...new Set(array)];\n    return uniqueArray;\n}\nlet arr = [1, 2, 3, 2, 4, 3];\nlet result = removeDuplicates(arr);\nconsole.log(result);\n```\n\n### Output: [1, 2, 3, 4]\n\nExplanation: \nIn the above program, we have defined the function named `removeDuplicates` which takes an array as an argument. Within this function, we created a new Set and passed our array in the set. Passing the array in the Set remove all the duplicate values from it. We then convert this unique set back to an array using the `...`(spread operator). So, we got our new uniqueArray with no duplicates.\n*****QUESTION:***** If there is an explanation: Does the explanation include illustrative elements (e.g. examples)?", "index": 1069}, {"instruction": "Write a JavaScript program to remove all duplicated elements from an array.", "input": "[1, 2, 3, 2, 4, 3]", "output": "Here is a JavaScript program to remove all duplicated elements from an array: \n\n```javascript\nfunction removeDuplicates(array){\n    let uniqueArray = [...new Set(array)];\n    return uniqueArray;\n}\nlet arr = [1, 2, 3, 2, 4, 3];\nlet result = removeDuplicates(arr);\nconsole.log(result);\n```\n\n### Output: [1, 2, 3, 4]\n\nExplanation: \nIn the above program, we have defined the function named `removeDuplicates` which takes an array as an argument. Within this function, we created a new Set and passed our array in the set. Passing the array in the Set remove all the duplicate values from it. We then convert this unique set back to an array using the `...`(spread operator). So, we got our new uniqueArray with no duplicates.", "all_data": "*****INSTRUCTION:***** Write a JavaScript program to remove all duplicated elements from an array.\n[1, 2, 3, 2, 4, 3]\n*****OUTPUT:***** Here is a JavaScript program to remove all duplicated elements from an array: \n\n```javascript\nfunction removeDuplicates(array){\n    let uniqueArray = [...new Set(array)];\n    return uniqueArray;\n}\nlet arr = [1, 2, 3, 2, 4, 3];\nlet result = removeDuplicates(arr);\nconsole.log(result);\n```\n\n### Output: [1, 2, 3, 4]\n\nExplanation: \nIn the above program, we have defined the function named `removeDuplicates` which takes an array as an argument. Within this function, we created a new Set and passed our array in the set. Passing the array in the Set remove all the duplicate values from it. We then convert this unique set back to an array using the `...`(spread operator). So, we got our new uniqueArray with no duplicates.\n*****QUESTION:***** If there is an explanation: Is the explanation misleading (e.g. arguing for a label that is wrong)?", "index": 1070}, {"instruction": "What challenges can you expect when editing a long-form article?", "input": "", "output": "When editing a long-form article, you can expect to face several challenges, including:\n\n1. Maintaining consistency: With a longer piece of content, it can be difficult to ensure that the tone, style, and voice remain consistent throughout the entire article. The editor needs to pay close attention to the details and make sure that everything flows smoothly from beginning to end.\n\n2. Keeping the reader engaged: Long-form content can easily become tedious or overwhelming for the reader. It's important to keep the content interesting, informative and easy to read, breaking up long sections of text with subheadings, images, and other visual elements.\n\n3. Fact-checking: With a longer piece of content, there are more opportunities for factual errors to slip through. It's important for the editor to thoroughly fact-check the article and ensure that all information presented is accurate and up-to-date.\n\n4. Organization: A long-form article must be well-organized, with a clear structure and logical flow of information. The editor may need to rearrange sections, add headings, or create an outline to help guide the reader through the content.\n\n5. Time management: Editing a long-form article can be a time-consuming process, requiring multiple rounds of revisions and careful attention to detail. It's important for the editor to manage their time effectively, setting realistic goals and breaking the task into manageable chunks.\n\nOverall, editing a long-form article can be a challenging but rewarding process, requiring a skilled editor to ensure that the final piece is well-written, accurate and engaging for the reader.", "all_data": "*****INSTRUCTION:***** What challenges can you expect when editing a long-form article?\n\n*****OUTPUT:***** When editing a long-form article, you can expect to face several challenges, including:\n\n1. Maintaining consistency: With a longer piece of content, it can be difficult to ensure that the tone, style, and voice remain consistent throughout the entire article. The editor needs to pay close attention to the details and make sure that everything flows smoothly from beginning to end.\n\n2. Keeping the reader engaged: Long-form content can easily become tedious or overwhelming for the reader. It's important to keep the content interesting, informative and easy to read, breaking up long sections of text with subheadings, images, and other visual elements.\n\n3. Fact-checking: With a longer piece of content, there are more opportunities for factual errors to slip through. It's important for the editor to thoroughly fact-check the article and ensure that all information presented is accurate and up-to-date.\n\n4. Organization: A long-form article must be well-organized, with a clear structure and logical flow of information. The editor may need to rearrange sections, add headings, or create an outline to help guide the reader through the content.\n\n5. Time management: Editing a long-form article can be a time-consuming process, requiring multiple rounds of revisions and careful attention to detail. It's important for the editor to manage their time effectively, setting realistic goals and breaking the task into manageable chunks.\n\nOverall, editing a long-form article can be a challenging but rewarding process, requiring a skilled editor to ensure that the final piece is well-written, accurate and engaging for the reader.\n*****QUESTION:***** Does the output contain an explanation for the prediction?", "index": 1071}, {"instruction": "What challenges can you expect when editing a long-form article?", "input": "", "output": "When editing a long-form article, you can expect to face several challenges, including:\n\n1. Maintaining consistency: With a longer piece of content, it can be difficult to ensure that the tone, style, and voice remain consistent throughout the entire article. The editor needs to pay close attention to the details and make sure that everything flows smoothly from beginning to end.\n\n2. Keeping the reader engaged: Long-form content can easily become tedious or overwhelming for the reader. It's important to keep the content interesting, informative and easy to read, breaking up long sections of text with subheadings, images, and other visual elements.\n\n3. Fact-checking: With a longer piece of content, there are more opportunities for factual errors to slip through. It's important for the editor to thoroughly fact-check the article and ensure that all information presented is accurate and up-to-date.\n\n4. Organization: A long-form article must be well-organized, with a clear structure and logical flow of information. The editor may need to rearrange sections, add headings, or create an outline to help guide the reader through the content.\n\n5. Time management: Editing a long-form article can be a time-consuming process, requiring multiple rounds of revisions and careful attention to detail. It's important for the editor to manage their time effectively, setting realistic goals and breaking the task into manageable chunks.\n\nOverall, editing a long-form article can be a challenging but rewarding process, requiring a skilled editor to ensure that the final piece is well-written, accurate and engaging for the reader.", "all_data": "*****INSTRUCTION:***** What challenges can you expect when editing a long-form article?\n\n*****OUTPUT:***** When editing a long-form article, you can expect to face several challenges, including:\n\n1. Maintaining consistency: With a longer piece of content, it can be difficult to ensure that the tone, style, and voice remain consistent throughout the entire article. The editor needs to pay close attention to the details and make sure that everything flows smoothly from beginning to end.\n\n2. Keeping the reader engaged: Long-form content can easily become tedious or overwhelming for the reader. It's important to keep the content interesting, informative and easy to read, breaking up long sections of text with subheadings, images, and other visual elements.\n\n3. Fact-checking: With a longer piece of content, there are more opportunities for factual errors to slip through. It's important for the editor to thoroughly fact-check the article and ensure that all information presented is accurate and up-to-date.\n\n4. Organization: A long-form article must be well-organized, with a clear structure and logical flow of information. The editor may need to rearrange sections, add headings, or create an outline to help guide the reader through the content.\n\n5. Time management: Editing a long-form article can be a time-consuming process, requiring multiple rounds of revisions and careful attention to detail. It's important for the editor to manage their time effectively, setting realistic goals and breaking the task into manageable chunks.\n\nOverall, editing a long-form article can be a challenging but rewarding process, requiring a skilled editor to ensure that the final piece is well-written, accurate and engaging for the reader.\n*****QUESTION:***** Would you give an explanation/justify your reasoning if you were asked this question by a friend?", "index": 1072}, {"instruction": "What challenges can you expect when editing a long-form article?", "input": "", "output": "When editing a long-form article, you can expect to face several challenges, including:\n\n1. Maintaining consistency: With a longer piece of content, it can be difficult to ensure that the tone, style, and voice remain consistent throughout the entire article. The editor needs to pay close attention to the details and make sure that everything flows smoothly from beginning to end.\n\n2. Keeping the reader engaged: Long-form content can easily become tedious or overwhelming for the reader. It's important to keep the content interesting, informative and easy to read, breaking up long sections of text with subheadings, images, and other visual elements.\n\n3. Fact-checking: With a longer piece of content, there are more opportunities for factual errors to slip through. It's important for the editor to thoroughly fact-check the article and ensure that all information presented is accurate and up-to-date.\n\n4. Organization: A long-form article must be well-organized, with a clear structure and logical flow of information. The editor may need to rearrange sections, add headings, or create an outline to help guide the reader through the content.\n\n5. Time management: Editing a long-form article can be a time-consuming process, requiring multiple rounds of revisions and careful attention to detail. It's important for the editor to manage their time effectively, setting realistic goals and breaking the task into manageable chunks.\n\nOverall, editing a long-form article can be a challenging but rewarding process, requiring a skilled editor to ensure that the final piece is well-written, accurate and engaging for the reader.", "all_data": "*****INSTRUCTION:***** What challenges can you expect when editing a long-form article?\n\n*****OUTPUT:***** When editing a long-form article, you can expect to face several challenges, including:\n\n1. Maintaining consistency: With a longer piece of content, it can be difficult to ensure that the tone, style, and voice remain consistent throughout the entire article. The editor needs to pay close attention to the details and make sure that everything flows smoothly from beginning to end.\n\n2. Keeping the reader engaged: Long-form content can easily become tedious or overwhelming for the reader. It's important to keep the content interesting, informative and easy to read, breaking up long sections of text with subheadings, images, and other visual elements.\n\n3. Fact-checking: With a longer piece of content, there are more opportunities for factual errors to slip through. It's important for the editor to thoroughly fact-check the article and ensure that all information presented is accurate and up-to-date.\n\n4. Organization: A long-form article must be well-organized, with a clear structure and logical flow of information. The editor may need to rearrange sections, add headings, or create an outline to help guide the reader through the content.\n\n5. Time management: Editing a long-form article can be a time-consuming process, requiring multiple rounds of revisions and careful attention to detail. It's important for the editor to manage their time effectively, setting realistic goals and breaking the task into manageable chunks.\n\nOverall, editing a long-form article can be a challenging but rewarding process, requiring a skilled editor to ensure that the final piece is well-written, accurate and engaging for the reader.\n*****QUESTION:***** If there is an explanation: Does the explanation refer to commonsense concepts that are taken as given?", "index": 1073}, {"instruction": "What challenges can you expect when editing a long-form article?", "input": "", "output": "When editing a long-form article, you can expect to face several challenges, including:\n\n1. Maintaining consistency: With a longer piece of content, it can be difficult to ensure that the tone, style, and voice remain consistent throughout the entire article. The editor needs to pay close attention to the details and make sure that everything flows smoothly from beginning to end.\n\n2. Keeping the reader engaged: Long-form content can easily become tedious or overwhelming for the reader. It's important to keep the content interesting, informative and easy to read, breaking up long sections of text with subheadings, images, and other visual elements.\n\n3. Fact-checking: With a longer piece of content, there are more opportunities for factual errors to slip through. It's important for the editor to thoroughly fact-check the article and ensure that all information presented is accurate and up-to-date.\n\n4. Organization: A long-form article must be well-organized, with a clear structure and logical flow of information. The editor may need to rearrange sections, add headings, or create an outline to help guide the reader through the content.\n\n5. Time management: Editing a long-form article can be a time-consuming process, requiring multiple rounds of revisions and careful attention to detail. It's important for the editor to manage their time effectively, setting realistic goals and breaking the task into manageable chunks.\n\nOverall, editing a long-form article can be a challenging but rewarding process, requiring a skilled editor to ensure that the final piece is well-written, accurate and engaging for the reader.", "all_data": "*****INSTRUCTION:***** What challenges can you expect when editing a long-form article?\n\n*****OUTPUT:***** When editing a long-form article, you can expect to face several challenges, including:\n\n1. Maintaining consistency: With a longer piece of content, it can be difficult to ensure that the tone, style, and voice remain consistent throughout the entire article. The editor needs to pay close attention to the details and make sure that everything flows smoothly from beginning to end.\n\n2. Keeping the reader engaged: Long-form content can easily become tedious or overwhelming for the reader. It's important to keep the content interesting, informative and easy to read, breaking up long sections of text with subheadings, images, and other visual elements.\n\n3. Fact-checking: With a longer piece of content, there are more opportunities for factual errors to slip through. It's important for the editor to thoroughly fact-check the article and ensure that all information presented is accurate and up-to-date.\n\n4. Organization: A long-form article must be well-organized, with a clear structure and logical flow of information. The editor may need to rearrange sections, add headings, or create an outline to help guide the reader through the content.\n\n5. Time management: Editing a long-form article can be a time-consuming process, requiring multiple rounds of revisions and careful attention to detail. It's important for the editor to manage their time effectively, setting realistic goals and breaking the task into manageable chunks.\n\nOverall, editing a long-form article can be a challenging but rewarding process, requiring a skilled editor to ensure that the final piece is well-written, accurate and engaging for the reader.\n*****QUESTION:***** If there is an explanation: Does the explanation list contributing factors?", "index": 1074}, {"instruction": "What challenges can you expect when editing a long-form article?", "input": "", "output": "When editing a long-form article, you can expect to face several challenges, including:\n\n1. Maintaining consistency: With a longer piece of content, it can be difficult to ensure that the tone, style, and voice remain consistent throughout the entire article. The editor needs to pay close attention to the details and make sure that everything flows smoothly from beginning to end.\n\n2. Keeping the reader engaged: Long-form content can easily become tedious or overwhelming for the reader. It's important to keep the content interesting, informative and easy to read, breaking up long sections of text with subheadings, images, and other visual elements.\n\n3. Fact-checking: With a longer piece of content, there are more opportunities for factual errors to slip through. It's important for the editor to thoroughly fact-check the article and ensure that all information presented is accurate and up-to-date.\n\n4. Organization: A long-form article must be well-organized, with a clear structure and logical flow of information. The editor may need to rearrange sections, add headings, or create an outline to help guide the reader through the content.\n\n5. Time management: Editing a long-form article can be a time-consuming process, requiring multiple rounds of revisions and careful attention to detail. It's important for the editor to manage their time effectively, setting realistic goals and breaking the task into manageable chunks.\n\nOverall, editing a long-form article can be a challenging but rewarding process, requiring a skilled editor to ensure that the final piece is well-written, accurate and engaging for the reader.", "all_data": "*****INSTRUCTION:***** What challenges can you expect when editing a long-form article?\n\n*****OUTPUT:***** When editing a long-form article, you can expect to face several challenges, including:\n\n1. Maintaining consistency: With a longer piece of content, it can be difficult to ensure that the tone, style, and voice remain consistent throughout the entire article. The editor needs to pay close attention to the details and make sure that everything flows smoothly from beginning to end.\n\n2. Keeping the reader engaged: Long-form content can easily become tedious or overwhelming for the reader. It's important to keep the content interesting, informative and easy to read, breaking up long sections of text with subheadings, images, and other visual elements.\n\n3. Fact-checking: With a longer piece of content, there are more opportunities for factual errors to slip through. It's important for the editor to thoroughly fact-check the article and ensure that all information presented is accurate and up-to-date.\n\n4. Organization: A long-form article must be well-organized, with a clear structure and logical flow of information. The editor may need to rearrange sections, add headings, or create an outline to help guide the reader through the content.\n\n5. Time management: Editing a long-form article can be a time-consuming process, requiring multiple rounds of revisions and careful attention to detail. It's important for the editor to manage their time effectively, setting realistic goals and breaking the task into manageable chunks.\n\nOverall, editing a long-form article can be a challenging but rewarding process, requiring a skilled editor to ensure that the final piece is well-written, accurate and engaging for the reader.\n*****QUESTION:***** If there is an explanation: Does the explanation include subjective or biased criteria?", "index": 1075}, {"instruction": "What challenges can you expect when editing a long-form article?", "input": "", "output": "When editing a long-form article, you can expect to face several challenges, including:\n\n1. Maintaining consistency: With a longer piece of content, it can be difficult to ensure that the tone, style, and voice remain consistent throughout the entire article. The editor needs to pay close attention to the details and make sure that everything flows smoothly from beginning to end.\n\n2. Keeping the reader engaged: Long-form content can easily become tedious or overwhelming for the reader. It's important to keep the content interesting, informative and easy to read, breaking up long sections of text with subheadings, images, and other visual elements.\n\n3. Fact-checking: With a longer piece of content, there are more opportunities for factual errors to slip through. It's important for the editor to thoroughly fact-check the article and ensure that all information presented is accurate and up-to-date.\n\n4. Organization: A long-form article must be well-organized, with a clear structure and logical flow of information. The editor may need to rearrange sections, add headings, or create an outline to help guide the reader through the content.\n\n5. Time management: Editing a long-form article can be a time-consuming process, requiring multiple rounds of revisions and careful attention to detail. It's important for the editor to manage their time effectively, setting realistic goals and breaking the task into manageable chunks.\n\nOverall, editing a long-form article can be a challenging but rewarding process, requiring a skilled editor to ensure that the final piece is well-written, accurate and engaging for the reader.", "all_data": "*****INSTRUCTION:***** What challenges can you expect when editing a long-form article?\n\n*****OUTPUT:***** When editing a long-form article, you can expect to face several challenges, including:\n\n1. Maintaining consistency: With a longer piece of content, it can be difficult to ensure that the tone, style, and voice remain consistent throughout the entire article. The editor needs to pay close attention to the details and make sure that everything flows smoothly from beginning to end.\n\n2. Keeping the reader engaged: Long-form content can easily become tedious or overwhelming for the reader. It's important to keep the content interesting, informative and easy to read, breaking up long sections of text with subheadings, images, and other visual elements.\n\n3. Fact-checking: With a longer piece of content, there are more opportunities for factual errors to slip through. It's important for the editor to thoroughly fact-check the article and ensure that all information presented is accurate and up-to-date.\n\n4. Organization: A long-form article must be well-organized, with a clear structure and logical flow of information. The editor may need to rearrange sections, add headings, or create an outline to help guide the reader through the content.\n\n5. Time management: Editing a long-form article can be a time-consuming process, requiring multiple rounds of revisions and careful attention to detail. It's important for the editor to manage their time effectively, setting realistic goals and breaking the task into manageable chunks.\n\nOverall, editing a long-form article can be a challenging but rewarding process, requiring a skilled editor to ensure that the final piece is well-written, accurate and engaging for the reader.\n*****QUESTION:***** If there is an explanation: Does the explanation include illustrative elements (e.g. examples)?", "index": 1076}, {"instruction": "What challenges can you expect when editing a long-form article?", "input": "", "output": "When editing a long-form article, you can expect to face several challenges, including:\n\n1. Maintaining consistency: With a longer piece of content, it can be difficult to ensure that the tone, style, and voice remain consistent throughout the entire article. The editor needs to pay close attention to the details and make sure that everything flows smoothly from beginning to end.\n\n2. Keeping the reader engaged: Long-form content can easily become tedious or overwhelming for the reader. It's important to keep the content interesting, informative and easy to read, breaking up long sections of text with subheadings, images, and other visual elements.\n\n3. Fact-checking: With a longer piece of content, there are more opportunities for factual errors to slip through. It's important for the editor to thoroughly fact-check the article and ensure that all information presented is accurate and up-to-date.\n\n4. Organization: A long-form article must be well-organized, with a clear structure and logical flow of information. The editor may need to rearrange sections, add headings, or create an outline to help guide the reader through the content.\n\n5. Time management: Editing a long-form article can be a time-consuming process, requiring multiple rounds of revisions and careful attention to detail. It's important for the editor to manage their time effectively, setting realistic goals and breaking the task into manageable chunks.\n\nOverall, editing a long-form article can be a challenging but rewarding process, requiring a skilled editor to ensure that the final piece is well-written, accurate and engaging for the reader.", "all_data": "*****INSTRUCTION:***** What challenges can you expect when editing a long-form article?\n\n*****OUTPUT:***** When editing a long-form article, you can expect to face several challenges, including:\n\n1. Maintaining consistency: With a longer piece of content, it can be difficult to ensure that the tone, style, and voice remain consistent throughout the entire article. The editor needs to pay close attention to the details and make sure that everything flows smoothly from beginning to end.\n\n2. Keeping the reader engaged: Long-form content can easily become tedious or overwhelming for the reader. It's important to keep the content interesting, informative and easy to read, breaking up long sections of text with subheadings, images, and other visual elements.\n\n3. Fact-checking: With a longer piece of content, there are more opportunities for factual errors to slip through. It's important for the editor to thoroughly fact-check the article and ensure that all information presented is accurate and up-to-date.\n\n4. Organization: A long-form article must be well-organized, with a clear structure and logical flow of information. The editor may need to rearrange sections, add headings, or create an outline to help guide the reader through the content.\n\n5. Time management: Editing a long-form article can be a time-consuming process, requiring multiple rounds of revisions and careful attention to detail. It's important for the editor to manage their time effectively, setting realistic goals and breaking the task into manageable chunks.\n\nOverall, editing a long-form article can be a challenging but rewarding process, requiring a skilled editor to ensure that the final piece is well-written, accurate and engaging for the reader.\n*****QUESTION:***** If there is an explanation: Is the explanation misleading (e.g. arguing for a label that is wrong)?", "index": 1077}, {"instruction": "Describe two benefits of going to college", "input": "", "output": "1. Increased Earning Potential: One primary benefit of attending college is the potential for increased income. On average, individuals with a college degree earn more than those with only a high school diploma. Many high-paying careers require a college degree, and having one can open up more job opportunities and financial stability.\n\n2. Personal and Intellectual Growth: College education provides the opportunity to learn, grow and develop in a way that will benefit you for the rest of your life. The college experience exposes individuals to people from different backgrounds, cultures and viewpoints, helping to broaden perspectives and understanding of the world. Additionally, college courses promote critical thinking, problem-solving, and communication skills, all of which are essential for personal and professional success.", "all_data": "*****INSTRUCTION:***** Describe two benefits of going to college\n\n*****OUTPUT:***** 1. Increased Earning Potential: One primary benefit of attending college is the potential for increased income. On average, individuals with a college degree earn more than those with only a high school diploma. Many high-paying careers require a college degree, and having one can open up more job opportunities and financial stability.\n\n2. Personal and Intellectual Growth: College education provides the opportunity to learn, grow and develop in a way that will benefit you for the rest of your life. The college experience exposes individuals to people from different backgrounds, cultures and viewpoints, helping to broaden perspectives and understanding of the world. Additionally, college courses promote critical thinking, problem-solving, and communication skills, all of which are essential for personal and professional success.\n*****QUESTION:***** Does the output contain an explanation for the prediction?", "index": 1078}, {"instruction": "Describe two benefits of going to college", "input": "", "output": "1. Increased Earning Potential: One primary benefit of attending college is the potential for increased income. On average, individuals with a college degree earn more than those with only a high school diploma. Many high-paying careers require a college degree, and having one can open up more job opportunities and financial stability.\n\n2. Personal and Intellectual Growth: College education provides the opportunity to learn, grow and develop in a way that will benefit you for the rest of your life. The college experience exposes individuals to people from different backgrounds, cultures and viewpoints, helping to broaden perspectives and understanding of the world. Additionally, college courses promote critical thinking, problem-solving, and communication skills, all of which are essential for personal and professional success.", "all_data": "*****INSTRUCTION:***** Describe two benefits of going to college\n\n*****OUTPUT:***** 1. Increased Earning Potential: One primary benefit of attending college is the potential for increased income. On average, individuals with a college degree earn more than those with only a high school diploma. Many high-paying careers require a college degree, and having one can open up more job opportunities and financial stability.\n\n2. Personal and Intellectual Growth: College education provides the opportunity to learn, grow and develop in a way that will benefit you for the rest of your life. The college experience exposes individuals to people from different backgrounds, cultures and viewpoints, helping to broaden perspectives and understanding of the world. Additionally, college courses promote critical thinking, problem-solving, and communication skills, all of which are essential for personal and professional success.\n*****QUESTION:***** Would you give an explanation/justify your reasoning if you were asked this question by a friend?", "index": 1079}, {"instruction": "Describe two benefits of going to college", "input": "", "output": "1. Increased Earning Potential: One primary benefit of attending college is the potential for increased income. On average, individuals with a college degree earn more than those with only a high school diploma. Many high-paying careers require a college degree, and having one can open up more job opportunities and financial stability.\n\n2. Personal and Intellectual Growth: College education provides the opportunity to learn, grow and develop in a way that will benefit you for the rest of your life. The college experience exposes individuals to people from different backgrounds, cultures and viewpoints, helping to broaden perspectives and understanding of the world. Additionally, college courses promote critical thinking, problem-solving, and communication skills, all of which are essential for personal and professional success.", "all_data": "*****INSTRUCTION:***** Describe two benefits of going to college\n\n*****OUTPUT:***** 1. Increased Earning Potential: One primary benefit of attending college is the potential for increased income. On average, individuals with a college degree earn more than those with only a high school diploma. Many high-paying careers require a college degree, and having one can open up more job opportunities and financial stability.\n\n2. Personal and Intellectual Growth: College education provides the opportunity to learn, grow and develop in a way that will benefit you for the rest of your life. The college experience exposes individuals to people from different backgrounds, cultures and viewpoints, helping to broaden perspectives and understanding of the world. Additionally, college courses promote critical thinking, problem-solving, and communication skills, all of which are essential for personal and professional success.\n*****QUESTION:***** If there is an explanation: Does the explanation refer to commonsense concepts that are taken as given?", "index": 1080}, {"instruction": "Describe two benefits of going to college", "input": "", "output": "1. Increased Earning Potential: One primary benefit of attending college is the potential for increased income. On average, individuals with a college degree earn more than those with only a high school diploma. Many high-paying careers require a college degree, and having one can open up more job opportunities and financial stability.\n\n2. Personal and Intellectual Growth: College education provides the opportunity to learn, grow and develop in a way that will benefit you for the rest of your life. The college experience exposes individuals to people from different backgrounds, cultures and viewpoints, helping to broaden perspectives and understanding of the world. Additionally, college courses promote critical thinking, problem-solving, and communication skills, all of which are essential for personal and professional success.", "all_data": "*****INSTRUCTION:***** Describe two benefits of going to college\n\n*****OUTPUT:***** 1. Increased Earning Potential: One primary benefit of attending college is the potential for increased income. On average, individuals with a college degree earn more than those with only a high school diploma. Many high-paying careers require a college degree, and having one can open up more job opportunities and financial stability.\n\n2. Personal and Intellectual Growth: College education provides the opportunity to learn, grow and develop in a way that will benefit you for the rest of your life. The college experience exposes individuals to people from different backgrounds, cultures and viewpoints, helping to broaden perspectives and understanding of the world. Additionally, college courses promote critical thinking, problem-solving, and communication skills, all of which are essential for personal and professional success.\n*****QUESTION:***** If there is an explanation: Does the explanation list contributing factors?", "index": 1081}, {"instruction": "Describe two benefits of going to college", "input": "", "output": "1. Increased Earning Potential: One primary benefit of attending college is the potential for increased income. On average, individuals with a college degree earn more than those with only a high school diploma. Many high-paying careers require a college degree, and having one can open up more job opportunities and financial stability.\n\n2. Personal and Intellectual Growth: College education provides the opportunity to learn, grow and develop in a way that will benefit you for the rest of your life. The college experience exposes individuals to people from different backgrounds, cultures and viewpoints, helping to broaden perspectives and understanding of the world. Additionally, college courses promote critical thinking, problem-solving, and communication skills, all of which are essential for personal and professional success.", "all_data": "*****INSTRUCTION:***** Describe two benefits of going to college\n\n*****OUTPUT:***** 1. Increased Earning Potential: One primary benefit of attending college is the potential for increased income. On average, individuals with a college degree earn more than those with only a high school diploma. Many high-paying careers require a college degree, and having one can open up more job opportunities and financial stability.\n\n2. Personal and Intellectual Growth: College education provides the opportunity to learn, grow and develop in a way that will benefit you for the rest of your life. The college experience exposes individuals to people from different backgrounds, cultures and viewpoints, helping to broaden perspectives and understanding of the world. Additionally, college courses promote critical thinking, problem-solving, and communication skills, all of which are essential for personal and professional success.\n*****QUESTION:***** If there is an explanation: Does the explanation include subjective or biased criteria?", "index": 1082}, {"instruction": "Describe two benefits of going to college", "input": "", "output": "1. Increased Earning Potential: One primary benefit of attending college is the potential for increased income. On average, individuals with a college degree earn more than those with only a high school diploma. Many high-paying careers require a college degree, and having one can open up more job opportunities and financial stability.\n\n2. Personal and Intellectual Growth: College education provides the opportunity to learn, grow and develop in a way that will benefit you for the rest of your life. The college experience exposes individuals to people from different backgrounds, cultures and viewpoints, helping to broaden perspectives and understanding of the world. Additionally, college courses promote critical thinking, problem-solving, and communication skills, all of which are essential for personal and professional success.", "all_data": "*****INSTRUCTION:***** Describe two benefits of going to college\n\n*****OUTPUT:***** 1. Increased Earning Potential: One primary benefit of attending college is the potential for increased income. On average, individuals with a college degree earn more than those with only a high school diploma. Many high-paying careers require a college degree, and having one can open up more job opportunities and financial stability.\n\n2. Personal and Intellectual Growth: College education provides the opportunity to learn, grow and develop in a way that will benefit you for the rest of your life. The college experience exposes individuals to people from different backgrounds, cultures and viewpoints, helping to broaden perspectives and understanding of the world. Additionally, college courses promote critical thinking, problem-solving, and communication skills, all of which are essential for personal and professional success.\n*****QUESTION:***** If there is an explanation: Does the explanation include illustrative elements (e.g. examples)?", "index": 1083}, {"instruction": "Describe two benefits of going to college", "input": "", "output": "1. Increased Earning Potential: One primary benefit of attending college is the potential for increased income. On average, individuals with a college degree earn more than those with only a high school diploma. Many high-paying careers require a college degree, and having one can open up more job opportunities and financial stability.\n\n2. Personal and Intellectual Growth: College education provides the opportunity to learn, grow and develop in a way that will benefit you for the rest of your life. The college experience exposes individuals to people from different backgrounds, cultures and viewpoints, helping to broaden perspectives and understanding of the world. Additionally, college courses promote critical thinking, problem-solving, and communication skills, all of which are essential for personal and professional success.", "all_data": "*****INSTRUCTION:***** Describe two benefits of going to college\n\n*****OUTPUT:***** 1. Increased Earning Potential: One primary benefit of attending college is the potential for increased income. On average, individuals with a college degree earn more than those with only a high school diploma. Many high-paying careers require a college degree, and having one can open up more job opportunities and financial stability.\n\n2. Personal and Intellectual Growth: College education provides the opportunity to learn, grow and develop in a way that will benefit you for the rest of your life. The college experience exposes individuals to people from different backgrounds, cultures and viewpoints, helping to broaden perspectives and understanding of the world. Additionally, college courses promote critical thinking, problem-solving, and communication skills, all of which are essential for personal and professional success.\n*****QUESTION:***** If there is an explanation: Is the explanation misleading (e.g. arguing for a label that is wrong)?", "index": 1084}, {"instruction": "Create a basic budget for someone who makes $3500 per month.", "input": "", "output": "Based on an income of $3500 per month, here is a suggested basic budget that follows the 50/30/20 rule, which allocates 50% of the income to needs, 30% to wants, and 20% to savings and debt repayment:\n\n- Total Monthly Income: $3500\n\n- Needs (50% of income): $1750\n    - Housing (rent/mortgage): $875\n    - Utilities (electricity, water, gas): $150\n    - Groceries: $300\n    - Insurance (health, car, renters, etc.): $200\n    - Transportation (car payment, gas, public transportation): $225\n\n- Wants (30% of income): $1050\n    - Eating out and entertainment: $300\n    - Shopping and personal expenses: $300\n    - Travel and hobbies: $250\n    - Miscellaneous (subscriptions, memberships): $200\n\n- Savings and Debt Repayment (20% of income): $700\n    - Emergency fund: $200\n    - Retirement fund: $300\n    - Debt repayment (credit cards, student loans, etc.): $200\n\nThis budget serves as a basic guide and can be adjusted based on individual circumstances and priorities. It is important to track expenses regularly and make changes as necessary to ensure financial stability and achieve long-term financial goals.", "all_data": "*****INSTRUCTION:***** Create a basic budget for someone who makes $3500 per month.\n\n*****OUTPUT:***** Based on an income of $3500 per month, here is a suggested basic budget that follows the 50/30/20 rule, which allocates 50% of the income to needs, 30% to wants, and 20% to savings and debt repayment:\n\n- Total Monthly Income: $3500\n\n- Needs (50% of income): $1750\n    - Housing (rent/mortgage): $875\n    - Utilities (electricity, water, gas): $150\n    - Groceries: $300\n    - Insurance (health, car, renters, etc.): $200\n    - Transportation (car payment, gas, public transportation): $225\n\n- Wants (30% of income): $1050\n    - Eating out and entertainment: $300\n    - Shopping and personal expenses: $300\n    - Travel and hobbies: $250\n    - Miscellaneous (subscriptions, memberships): $200\n\n- Savings and Debt Repayment (20% of income): $700\n    - Emergency fund: $200\n    - Retirement fund: $300\n    - Debt repayment (credit cards, student loans, etc.): $200\n\nThis budget serves as a basic guide and can be adjusted based on individual circumstances and priorities. It is important to track expenses regularly and make changes as necessary to ensure financial stability and achieve long-term financial goals.\n*****QUESTION:***** Does the output contain an explanation for the prediction?", "index": 1085}, {"instruction": "Create a basic budget for someone who makes $3500 per month.", "input": "", "output": "Based on an income of $3500 per month, here is a suggested basic budget that follows the 50/30/20 rule, which allocates 50% of the income to needs, 30% to wants, and 20% to savings and debt repayment:\n\n- Total Monthly Income: $3500\n\n- Needs (50% of income): $1750\n    - Housing (rent/mortgage): $875\n    - Utilities (electricity, water, gas): $150\n    - Groceries: $300\n    - Insurance (health, car, renters, etc.): $200\n    - Transportation (car payment, gas, public transportation): $225\n\n- Wants (30% of income): $1050\n    - Eating out and entertainment: $300\n    - Shopping and personal expenses: $300\n    - Travel and hobbies: $250\n    - Miscellaneous (subscriptions, memberships): $200\n\n- Savings and Debt Repayment (20% of income): $700\n    - Emergency fund: $200\n    - Retirement fund: $300\n    - Debt repayment (credit cards, student loans, etc.): $200\n\nThis budget serves as a basic guide and can be adjusted based on individual circumstances and priorities. It is important to track expenses regularly and make changes as necessary to ensure financial stability and achieve long-term financial goals.", "all_data": "*****INSTRUCTION:***** Create a basic budget for someone who makes $3500 per month.\n\n*****OUTPUT:***** Based on an income of $3500 per month, here is a suggested basic budget that follows the 50/30/20 rule, which allocates 50% of the income to needs, 30% to wants, and 20% to savings and debt repayment:\n\n- Total Monthly Income: $3500\n\n- Needs (50% of income): $1750\n    - Housing (rent/mortgage): $875\n    - Utilities (electricity, water, gas): $150\n    - Groceries: $300\n    - Insurance (health, car, renters, etc.): $200\n    - Transportation (car payment, gas, public transportation): $225\n\n- Wants (30% of income): $1050\n    - Eating out and entertainment: $300\n    - Shopping and personal expenses: $300\n    - Travel and hobbies: $250\n    - Miscellaneous (subscriptions, memberships): $200\n\n- Savings and Debt Repayment (20% of income): $700\n    - Emergency fund: $200\n    - Retirement fund: $300\n    - Debt repayment (credit cards, student loans, etc.): $200\n\nThis budget serves as a basic guide and can be adjusted based on individual circumstances and priorities. It is important to track expenses regularly and make changes as necessary to ensure financial stability and achieve long-term financial goals.\n*****QUESTION:***** Would you give an explanation/justify your reasoning if you were asked this question by a friend?", "index": 1086}, {"instruction": "Create a basic budget for someone who makes $3500 per month.", "input": "", "output": "Based on an income of $3500 per month, here is a suggested basic budget that follows the 50/30/20 rule, which allocates 50% of the income to needs, 30% to wants, and 20% to savings and debt repayment:\n\n- Total Monthly Income: $3500\n\n- Needs (50% of income): $1750\n    - Housing (rent/mortgage): $875\n    - Utilities (electricity, water, gas): $150\n    - Groceries: $300\n    - Insurance (health, car, renters, etc.): $200\n    - Transportation (car payment, gas, public transportation): $225\n\n- Wants (30% of income): $1050\n    - Eating out and entertainment: $300\n    - Shopping and personal expenses: $300\n    - Travel and hobbies: $250\n    - Miscellaneous (subscriptions, memberships): $200\n\n- Savings and Debt Repayment (20% of income): $700\n    - Emergency fund: $200\n    - Retirement fund: $300\n    - Debt repayment (credit cards, student loans, etc.): $200\n\nThis budget serves as a basic guide and can be adjusted based on individual circumstances and priorities. It is important to track expenses regularly and make changes as necessary to ensure financial stability and achieve long-term financial goals.", "all_data": "*****INSTRUCTION:***** Create a basic budget for someone who makes $3500 per month.\n\n*****OUTPUT:***** Based on an income of $3500 per month, here is a suggested basic budget that follows the 50/30/20 rule, which allocates 50% of the income to needs, 30% to wants, and 20% to savings and debt repayment:\n\n- Total Monthly Income: $3500\n\n- Needs (50% of income): $1750\n    - Housing (rent/mortgage): $875\n    - Utilities (electricity, water, gas): $150\n    - Groceries: $300\n    - Insurance (health, car, renters, etc.): $200\n    - Transportation (car payment, gas, public transportation): $225\n\n- Wants (30% of income): $1050\n    - Eating out and entertainment: $300\n    - Shopping and personal expenses: $300\n    - Travel and hobbies: $250\n    - Miscellaneous (subscriptions, memberships): $200\n\n- Savings and Debt Repayment (20% of income): $700\n    - Emergency fund: $200\n    - Retirement fund: $300\n    - Debt repayment (credit cards, student loans, etc.): $200\n\nThis budget serves as a basic guide and can be adjusted based on individual circumstances and priorities. It is important to track expenses regularly and make changes as necessary to ensure financial stability and achieve long-term financial goals.\n*****QUESTION:***** If there is an explanation: Does the explanation refer to commonsense concepts that are taken as given?", "index": 1087}, {"instruction": "Create a basic budget for someone who makes $3500 per month.", "input": "", "output": "Based on an income of $3500 per month, here is a suggested basic budget that follows the 50/30/20 rule, which allocates 50% of the income to needs, 30% to wants, and 20% to savings and debt repayment:\n\n- Total Monthly Income: $3500\n\n- Needs (50% of income): $1750\n    - Housing (rent/mortgage): $875\n    - Utilities (electricity, water, gas): $150\n    - Groceries: $300\n    - Insurance (health, car, renters, etc.): $200\n    - Transportation (car payment, gas, public transportation): $225\n\n- Wants (30% of income): $1050\n    - Eating out and entertainment: $300\n    - Shopping and personal expenses: $300\n    - Travel and hobbies: $250\n    - Miscellaneous (subscriptions, memberships): $200\n\n- Savings and Debt Repayment (20% of income): $700\n    - Emergency fund: $200\n    - Retirement fund: $300\n    - Debt repayment (credit cards, student loans, etc.): $200\n\nThis budget serves as a basic guide and can be adjusted based on individual circumstances and priorities. It is important to track expenses regularly and make changes as necessary to ensure financial stability and achieve long-term financial goals.", "all_data": "*****INSTRUCTION:***** Create a basic budget for someone who makes $3500 per month.\n\n*****OUTPUT:***** Based on an income of $3500 per month, here is a suggested basic budget that follows the 50/30/20 rule, which allocates 50% of the income to needs, 30% to wants, and 20% to savings and debt repayment:\n\n- Total Monthly Income: $3500\n\n- Needs (50% of income): $1750\n    - Housing (rent/mortgage): $875\n    - Utilities (electricity, water, gas): $150\n    - Groceries: $300\n    - Insurance (health, car, renters, etc.): $200\n    - Transportation (car payment, gas, public transportation): $225\n\n- Wants (30% of income): $1050\n    - Eating out and entertainment: $300\n    - Shopping and personal expenses: $300\n    - Travel and hobbies: $250\n    - Miscellaneous (subscriptions, memberships): $200\n\n- Savings and Debt Repayment (20% of income): $700\n    - Emergency fund: $200\n    - Retirement fund: $300\n    - Debt repayment (credit cards, student loans, etc.): $200\n\nThis budget serves as a basic guide and can be adjusted based on individual circumstances and priorities. It is important to track expenses regularly and make changes as necessary to ensure financial stability and achieve long-term financial goals.\n*****QUESTION:***** If there is an explanation: Does the explanation list contributing factors?", "index": 1088}, {"instruction": "Create a basic budget for someone who makes $3500 per month.", "input": "", "output": "Based on an income of $3500 per month, here is a suggested basic budget that follows the 50/30/20 rule, which allocates 50% of the income to needs, 30% to wants, and 20% to savings and debt repayment:\n\n- Total Monthly Income: $3500\n\n- Needs (50% of income): $1750\n    - Housing (rent/mortgage): $875\n    - Utilities (electricity, water, gas): $150\n    - Groceries: $300\n    - Insurance (health, car, renters, etc.): $200\n    - Transportation (car payment, gas, public transportation): $225\n\n- Wants (30% of income): $1050\n    - Eating out and entertainment: $300\n    - Shopping and personal expenses: $300\n    - Travel and hobbies: $250\n    - Miscellaneous (subscriptions, memberships): $200\n\n- Savings and Debt Repayment (20% of income): $700\n    - Emergency fund: $200\n    - Retirement fund: $300\n    - Debt repayment (credit cards, student loans, etc.): $200\n\nThis budget serves as a basic guide and can be adjusted based on individual circumstances and priorities. It is important to track expenses regularly and make changes as necessary to ensure financial stability and achieve long-term financial goals.", "all_data": "*****INSTRUCTION:***** Create a basic budget for someone who makes $3500 per month.\n\n*****OUTPUT:***** Based on an income of $3500 per month, here is a suggested basic budget that follows the 50/30/20 rule, which allocates 50% of the income to needs, 30% to wants, and 20% to savings and debt repayment:\n\n- Total Monthly Income: $3500\n\n- Needs (50% of income): $1750\n    - Housing (rent/mortgage): $875\n    - Utilities (electricity, water, gas): $150\n    - Groceries: $300\n    - Insurance (health, car, renters, etc.): $200\n    - Transportation (car payment, gas, public transportation): $225\n\n- Wants (30% of income): $1050\n    - Eating out and entertainment: $300\n    - Shopping and personal expenses: $300\n    - Travel and hobbies: $250\n    - Miscellaneous (subscriptions, memberships): $200\n\n- Savings and Debt Repayment (20% of income): $700\n    - Emergency fund: $200\n    - Retirement fund: $300\n    - Debt repayment (credit cards, student loans, etc.): $200\n\nThis budget serves as a basic guide and can be adjusted based on individual circumstances and priorities. It is important to track expenses regularly and make changes as necessary to ensure financial stability and achieve long-term financial goals.\n*****QUESTION:***** If there is an explanation: Does the explanation include subjective or biased criteria?", "index": 1089}, {"instruction": "Create a basic budget for someone who makes $3500 per month.", "input": "", "output": "Based on an income of $3500 per month, here is a suggested basic budget that follows the 50/30/20 rule, which allocates 50% of the income to needs, 30% to wants, and 20% to savings and debt repayment:\n\n- Total Monthly Income: $3500\n\n- Needs (50% of income): $1750\n    - Housing (rent/mortgage): $875\n    - Utilities (electricity, water, gas): $150\n    - Groceries: $300\n    - Insurance (health, car, renters, etc.): $200\n    - Transportation (car payment, gas, public transportation): $225\n\n- Wants (30% of income): $1050\n    - Eating out and entertainment: $300\n    - Shopping and personal expenses: $300\n    - Travel and hobbies: $250\n    - Miscellaneous (subscriptions, memberships): $200\n\n- Savings and Debt Repayment (20% of income): $700\n    - Emergency fund: $200\n    - Retirement fund: $300\n    - Debt repayment (credit cards, student loans, etc.): $200\n\nThis budget serves as a basic guide and can be adjusted based on individual circumstances and priorities. It is important to track expenses regularly and make changes as necessary to ensure financial stability and achieve long-term financial goals.", "all_data": "*****INSTRUCTION:***** Create a basic budget for someone who makes $3500 per month.\n\n*****OUTPUT:***** Based on an income of $3500 per month, here is a suggested basic budget that follows the 50/30/20 rule, which allocates 50% of the income to needs, 30% to wants, and 20% to savings and debt repayment:\n\n- Total Monthly Income: $3500\n\n- Needs (50% of income): $1750\n    - Housing (rent/mortgage): $875\n    - Utilities (electricity, water, gas): $150\n    - Groceries: $300\n    - Insurance (health, car, renters, etc.): $200\n    - Transportation (car payment, gas, public transportation): $225\n\n- Wants (30% of income): $1050\n    - Eating out and entertainment: $300\n    - Shopping and personal expenses: $300\n    - Travel and hobbies: $250\n    - Miscellaneous (subscriptions, memberships): $200\n\n- Savings and Debt Repayment (20% of income): $700\n    - Emergency fund: $200\n    - Retirement fund: $300\n    - Debt repayment (credit cards, student loans, etc.): $200\n\nThis budget serves as a basic guide and can be adjusted based on individual circumstances and priorities. It is important to track expenses regularly and make changes as necessary to ensure financial stability and achieve long-term financial goals.\n*****QUESTION:***** If there is an explanation: Does the explanation include illustrative elements (e.g. examples)?", "index": 1090}, {"instruction": "Create a basic budget for someone who makes $3500 per month.", "input": "", "output": "Based on an income of $3500 per month, here is a suggested basic budget that follows the 50/30/20 rule, which allocates 50% of the income to needs, 30% to wants, and 20% to savings and debt repayment:\n\n- Total Monthly Income: $3500\n\n- Needs (50% of income): $1750\n    - Housing (rent/mortgage): $875\n    - Utilities (electricity, water, gas): $150\n    - Groceries: $300\n    - Insurance (health, car, renters, etc.): $200\n    - Transportation (car payment, gas, public transportation): $225\n\n- Wants (30% of income): $1050\n    - Eating out and entertainment: $300\n    - Shopping and personal expenses: $300\n    - Travel and hobbies: $250\n    - Miscellaneous (subscriptions, memberships): $200\n\n- Savings and Debt Repayment (20% of income): $700\n    - Emergency fund: $200\n    - Retirement fund: $300\n    - Debt repayment (credit cards, student loans, etc.): $200\n\nThis budget serves as a basic guide and can be adjusted based on individual circumstances and priorities. It is important to track expenses regularly and make changes as necessary to ensure financial stability and achieve long-term financial goals.", "all_data": "*****INSTRUCTION:***** Create a basic budget for someone who makes $3500 per month.\n\n*****OUTPUT:***** Based on an income of $3500 per month, here is a suggested basic budget that follows the 50/30/20 rule, which allocates 50% of the income to needs, 30% to wants, and 20% to savings and debt repayment:\n\n- Total Monthly Income: $3500\n\n- Needs (50% of income): $1750\n    - Housing (rent/mortgage): $875\n    - Utilities (electricity, water, gas): $150\n    - Groceries: $300\n    - Insurance (health, car, renters, etc.): $200\n    - Transportation (car payment, gas, public transportation): $225\n\n- Wants (30% of income): $1050\n    - Eating out and entertainment: $300\n    - Shopping and personal expenses: $300\n    - Travel and hobbies: $250\n    - Miscellaneous (subscriptions, memberships): $200\n\n- Savings and Debt Repayment (20% of income): $700\n    - Emergency fund: $200\n    - Retirement fund: $300\n    - Debt repayment (credit cards, student loans, etc.): $200\n\nThis budget serves as a basic guide and can be adjusted based on individual circumstances and priorities. It is important to track expenses regularly and make changes as necessary to ensure financial stability and achieve long-term financial goals.\n*****QUESTION:***** If there is an explanation: Is the explanation misleading (e.g. arguing for a label that is wrong)?", "index": 1091}, {"instruction": "Identify the type of the given sentence. Output either declarative, interrogative, imperative or exclamatory.", "input": "Do you need help?", "output": "interrogative", "all_data": "*****INSTRUCTION:***** Identify the type of the given sentence. Output either declarative, interrogative, imperative or exclamatory.\nDo you need help?\n*****OUTPUT:***** interrogative\n*****QUESTION:***** Does the output contain an explanation for the prediction?", "index": 1092}, {"instruction": "Identify the type of the given sentence. Output either declarative, interrogative, imperative or exclamatory.", "input": "Do you need help?", "output": "interrogative", "all_data": "*****INSTRUCTION:***** Identify the type of the given sentence. Output either declarative, interrogative, imperative or exclamatory.\nDo you need help?\n*****OUTPUT:***** interrogative\n*****QUESTION:***** Would you give an explanation/justify your reasoning if you were asked this question by a friend?", "index": 1093}, {"instruction": "Identify the type of the given sentence. Output either declarative, interrogative, imperative or exclamatory.", "input": "Do you need help?", "output": "interrogative", "all_data": "*****INSTRUCTION:***** Identify the type of the given sentence. Output either declarative, interrogative, imperative or exclamatory.\nDo you need help?\n*****OUTPUT:***** interrogative\n*****QUESTION:***** If there is an explanation: Does the explanation refer to commonsense concepts that are taken as given?", "index": 1094}, {"instruction": "Identify the type of the given sentence. Output either declarative, interrogative, imperative or exclamatory.", "input": "Do you need help?", "output": "interrogative", "all_data": "*****INSTRUCTION:***** Identify the type of the given sentence. Output either declarative, interrogative, imperative or exclamatory.\nDo you need help?\n*****OUTPUT:***** interrogative\n*****QUESTION:***** If there is an explanation: Does the explanation list contributing factors?", "index": 1095}, {"instruction": "Identify the type of the given sentence. Output either declarative, interrogative, imperative or exclamatory.", "input": "Do you need help?", "output": "interrogative", "all_data": "*****INSTRUCTION:***** Identify the type of the given sentence. Output either declarative, interrogative, imperative or exclamatory.\nDo you need help?\n*****OUTPUT:***** interrogative\n*****QUESTION:***** If there is an explanation: Does the explanation include subjective or biased criteria?", "index": 1096}, {"instruction": "Identify the type of the given sentence. Output either declarative, interrogative, imperative or exclamatory.", "input": "Do you need help?", "output": "interrogative", "all_data": "*****INSTRUCTION:***** Identify the type of the given sentence. Output either declarative, interrogative, imperative or exclamatory.\nDo you need help?\n*****OUTPUT:***** interrogative\n*****QUESTION:***** If there is an explanation: Does the explanation include illustrative elements (e.g. examples)?", "index": 1097}, {"instruction": "Identify the type of the given sentence. Output either declarative, interrogative, imperative or exclamatory.", "input": "Do you need help?", "output": "interrogative", "all_data": "*****INSTRUCTION:***** Identify the type of the given sentence. Output either declarative, interrogative, imperative or exclamatory.\nDo you need help?\n*****OUTPUT:***** interrogative\n*****QUESTION:***** If there is an explanation: Is the explanation misleading (e.g. arguing for a label that is wrong)?", "index": 1098}, {"instruction": "Generate an equivalent metaphor for \"make hay while the sun shines\".", "input": "", "output": "\"Strike the iron while it's hot.\"", "all_data": "*****INSTRUCTION:***** Generate an equivalent metaphor for \"make hay while the sun shines\".\n\n*****OUTPUT:***** \"Strike the iron while it's hot.\"\n*****QUESTION:***** Does the output contain an explanation for the prediction?", "index": 1099}, {"instruction": "Generate an equivalent metaphor for \"make hay while the sun shines\".", "input": "", "output": "\"Strike the iron while it's hot.\"", "all_data": "*****INSTRUCTION:***** Generate an equivalent metaphor for \"make hay while the sun shines\".\n\n*****OUTPUT:***** \"Strike the iron while it's hot.\"\n*****QUESTION:***** Would you give an explanation/justify your reasoning if you were asked this question by a friend?", "index": 1100}, {"instruction": "Generate an equivalent metaphor for \"make hay while the sun shines\".", "input": "", "output": "\"Strike the iron while it's hot.\"", "all_data": "*****INSTRUCTION:***** Generate an equivalent metaphor for \"make hay while the sun shines\".\n\n*****OUTPUT:***** \"Strike the iron while it's hot.\"\n*****QUESTION:***** If there is an explanation: Does the explanation refer to commonsense concepts that are taken as given?", "index": 1101}, {"instruction": "Generate an equivalent metaphor for \"make hay while the sun shines\".", "input": "", "output": "\"Strike the iron while it's hot.\"", "all_data": "*****INSTRUCTION:***** Generate an equivalent metaphor for \"make hay while the sun shines\".\n\n*****OUTPUT:***** \"Strike the iron while it's hot.\"\n*****QUESTION:***** If there is an explanation: Does the explanation list contributing factors?", "index": 1102}, {"instruction": "Generate an equivalent metaphor for \"make hay while the sun shines\".", "input": "", "output": "\"Strike the iron while it's hot.\"", "all_data": "*****INSTRUCTION:***** Generate an equivalent metaphor for \"make hay while the sun shines\".\n\n*****OUTPUT:***** \"Strike the iron while it's hot.\"\n*****QUESTION:***** If there is an explanation: Does the explanation include subjective or biased criteria?", "index": 1103}, {"instruction": "Generate an equivalent metaphor for \"make hay while the sun shines\".", "input": "", "output": "\"Strike the iron while it's hot.\"", "all_data": "*****INSTRUCTION:***** Generate an equivalent metaphor for \"make hay while the sun shines\".\n\n*****OUTPUT:***** \"Strike the iron while it's hot.\"\n*****QUESTION:***** If there is an explanation: Does the explanation include illustrative elements (e.g. examples)?", "index": 1104}, {"instruction": "Generate an equivalent metaphor for \"make hay while the sun shines\".", "input": "", "output": "\"Strike the iron while it's hot.\"", "all_data": "*****INSTRUCTION:***** Generate an equivalent metaphor for \"make hay while the sun shines\".\n\n*****OUTPUT:***** \"Strike the iron while it's hot.\"\n*****QUESTION:***** If there is an explanation: Is the explanation misleading (e.g. arguing for a label that is wrong)?", "index": 1105}, {"instruction": "What is a feasible solution for cost reduction?", "input": "", "output": "A feasible solution for cost reduction can vary depending on the specific situation and context. However, some general approaches could include:\n\n1. Streamlining processes: This can involve automating repetitive tasks, simplifying workflows, and cutting down on unnecessary steps, which can help reduce labor costs and increase efficiency.\n\n2. Negotiating with suppliers: By negotiating better deals and terms with suppliers, a business can potentially reduce the cost of goods and materials.\n\n3. Reducing waste: Implementing strategies to reduce waste in production, operations, and other areas can help save money and resources.\n\n4. Outsourcing: Outsourcing certain tasks or processes to a third-party provider can often be more cost-effective than performing them in-house.\n\n5. Switching to energy-efficient equipment: Upgrading to more energy-efficient machinery, lighting, and other equipment can help reduce energy costs.\n\n6. Implementing cost-sharing programs: Introducing cost-sharing programs such as employee telecommuting, carpooling or flexible schedules can reduce the cost of commuting and utility bills.\n\n7. Reviewing expenses and cutting back: Regularly reviewing expenses and identifying areas where spending can be cut back, such as subscriptions or travel expenses, can help reduce costs.\n\nUltimately, the most effective cost reduction solution will depend on a variety of factors, including the industry, business model, and specific circumstances of the organization in question.", "all_data": "*****INSTRUCTION:***** What is a feasible solution for cost reduction?\n\n*****OUTPUT:***** A feasible solution for cost reduction can vary depending on the specific situation and context. However, some general approaches could include:\n\n1. Streamlining processes: This can involve automating repetitive tasks, simplifying workflows, and cutting down on unnecessary steps, which can help reduce labor costs and increase efficiency.\n\n2. Negotiating with suppliers: By negotiating better deals and terms with suppliers, a business can potentially reduce the cost of goods and materials.\n\n3. Reducing waste: Implementing strategies to reduce waste in production, operations, and other areas can help save money and resources.\n\n4. Outsourcing: Outsourcing certain tasks or processes to a third-party provider can often be more cost-effective than performing them in-house.\n\n5. Switching to energy-efficient equipment: Upgrading to more energy-efficient machinery, lighting, and other equipment can help reduce energy costs.\n\n6. Implementing cost-sharing programs: Introducing cost-sharing programs such as employee telecommuting, carpooling or flexible schedules can reduce the cost of commuting and utility bills.\n\n7. Reviewing expenses and cutting back: Regularly reviewing expenses and identifying areas where spending can be cut back, such as subscriptions or travel expenses, can help reduce costs.\n\nUltimately, the most effective cost reduction solution will depend on a variety of factors, including the industry, business model, and specific circumstances of the organization in question.\n*****QUESTION:***** Does the output contain an explanation for the prediction?", "index": 1106}, {"instruction": "What is a feasible solution for cost reduction?", "input": "", "output": "A feasible solution for cost reduction can vary depending on the specific situation and context. However, some general approaches could include:\n\n1. Streamlining processes: This can involve automating repetitive tasks, simplifying workflows, and cutting down on unnecessary steps, which can help reduce labor costs and increase efficiency.\n\n2. Negotiating with suppliers: By negotiating better deals and terms with suppliers, a business can potentially reduce the cost of goods and materials.\n\n3. Reducing waste: Implementing strategies to reduce waste in production, operations, and other areas can help save money and resources.\n\n4. Outsourcing: Outsourcing certain tasks or processes to a third-party provider can often be more cost-effective than performing them in-house.\n\n5. Switching to energy-efficient equipment: Upgrading to more energy-efficient machinery, lighting, and other equipment can help reduce energy costs.\n\n6. Implementing cost-sharing programs: Introducing cost-sharing programs such as employee telecommuting, carpooling or flexible schedules can reduce the cost of commuting and utility bills.\n\n7. Reviewing expenses and cutting back: Regularly reviewing expenses and identifying areas where spending can be cut back, such as subscriptions or travel expenses, can help reduce costs.\n\nUltimately, the most effective cost reduction solution will depend on a variety of factors, including the industry, business model, and specific circumstances of the organization in question.", "all_data": "*****INSTRUCTION:***** What is a feasible solution for cost reduction?\n\n*****OUTPUT:***** A feasible solution for cost reduction can vary depending on the specific situation and context. However, some general approaches could include:\n\n1. Streamlining processes: This can involve automating repetitive tasks, simplifying workflows, and cutting down on unnecessary steps, which can help reduce labor costs and increase efficiency.\n\n2. Negotiating with suppliers: By negotiating better deals and terms with suppliers, a business can potentially reduce the cost of goods and materials.\n\n3. Reducing waste: Implementing strategies to reduce waste in production, operations, and other areas can help save money and resources.\n\n4. Outsourcing: Outsourcing certain tasks or processes to a third-party provider can often be more cost-effective than performing them in-house.\n\n5. Switching to energy-efficient equipment: Upgrading to more energy-efficient machinery, lighting, and other equipment can help reduce energy costs.\n\n6. Implementing cost-sharing programs: Introducing cost-sharing programs such as employee telecommuting, carpooling or flexible schedules can reduce the cost of commuting and utility bills.\n\n7. Reviewing expenses and cutting back: Regularly reviewing expenses and identifying areas where spending can be cut back, such as subscriptions or travel expenses, can help reduce costs.\n\nUltimately, the most effective cost reduction solution will depend on a variety of factors, including the industry, business model, and specific circumstances of the organization in question.\n*****QUESTION:***** Would you give an explanation/justify your reasoning if you were asked this question by a friend?", "index": 1107}, {"instruction": "What is a feasible solution for cost reduction?", "input": "", "output": "A feasible solution for cost reduction can vary depending on the specific situation and context. However, some general approaches could include:\n\n1. Streamlining processes: This can involve automating repetitive tasks, simplifying workflows, and cutting down on unnecessary steps, which can help reduce labor costs and increase efficiency.\n\n2. Negotiating with suppliers: By negotiating better deals and terms with suppliers, a business can potentially reduce the cost of goods and materials.\n\n3. Reducing waste: Implementing strategies to reduce waste in production, operations, and other areas can help save money and resources.\n\n4. Outsourcing: Outsourcing certain tasks or processes to a third-party provider can often be more cost-effective than performing them in-house.\n\n5. Switching to energy-efficient equipment: Upgrading to more energy-efficient machinery, lighting, and other equipment can help reduce energy costs.\n\n6. Implementing cost-sharing programs: Introducing cost-sharing programs such as employee telecommuting, carpooling or flexible schedules can reduce the cost of commuting and utility bills.\n\n7. Reviewing expenses and cutting back: Regularly reviewing expenses and identifying areas where spending can be cut back, such as subscriptions or travel expenses, can help reduce costs.\n\nUltimately, the most effective cost reduction solution will depend on a variety of factors, including the industry, business model, and specific circumstances of the organization in question.", "all_data": "*****INSTRUCTION:***** What is a feasible solution for cost reduction?\n\n*****OUTPUT:***** A feasible solution for cost reduction can vary depending on the specific situation and context. However, some general approaches could include:\n\n1. Streamlining processes: This can involve automating repetitive tasks, simplifying workflows, and cutting down on unnecessary steps, which can help reduce labor costs and increase efficiency.\n\n2. Negotiating with suppliers: By negotiating better deals and terms with suppliers, a business can potentially reduce the cost of goods and materials.\n\n3. Reducing waste: Implementing strategies to reduce waste in production, operations, and other areas can help save money and resources.\n\n4. Outsourcing: Outsourcing certain tasks or processes to a third-party provider can often be more cost-effective than performing them in-house.\n\n5. Switching to energy-efficient equipment: Upgrading to more energy-efficient machinery, lighting, and other equipment can help reduce energy costs.\n\n6. Implementing cost-sharing programs: Introducing cost-sharing programs such as employee telecommuting, carpooling or flexible schedules can reduce the cost of commuting and utility bills.\n\n7. Reviewing expenses and cutting back: Regularly reviewing expenses and identifying areas where spending can be cut back, such as subscriptions or travel expenses, can help reduce costs.\n\nUltimately, the most effective cost reduction solution will depend on a variety of factors, including the industry, business model, and specific circumstances of the organization in question.\n*****QUESTION:***** If there is an explanation: Does the explanation refer to commonsense concepts that are taken as given?", "index": 1108}, {"instruction": "What is a feasible solution for cost reduction?", "input": "", "output": "A feasible solution for cost reduction can vary depending on the specific situation and context. However, some general approaches could include:\n\n1. Streamlining processes: This can involve automating repetitive tasks, simplifying workflows, and cutting down on unnecessary steps, which can help reduce labor costs and increase efficiency.\n\n2. Negotiating with suppliers: By negotiating better deals and terms with suppliers, a business can potentially reduce the cost of goods and materials.\n\n3. Reducing waste: Implementing strategies to reduce waste in production, operations, and other areas can help save money and resources.\n\n4. Outsourcing: Outsourcing certain tasks or processes to a third-party provider can often be more cost-effective than performing them in-house.\n\n5. Switching to energy-efficient equipment: Upgrading to more energy-efficient machinery, lighting, and other equipment can help reduce energy costs.\n\n6. Implementing cost-sharing programs: Introducing cost-sharing programs such as employee telecommuting, carpooling or flexible schedules can reduce the cost of commuting and utility bills.\n\n7. Reviewing expenses and cutting back: Regularly reviewing expenses and identifying areas where spending can be cut back, such as subscriptions or travel expenses, can help reduce costs.\n\nUltimately, the most effective cost reduction solution will depend on a variety of factors, including the industry, business model, and specific circumstances of the organization in question.", "all_data": "*****INSTRUCTION:***** What is a feasible solution for cost reduction?\n\n*****OUTPUT:***** A feasible solution for cost reduction can vary depending on the specific situation and context. However, some general approaches could include:\n\n1. Streamlining processes: This can involve automating repetitive tasks, simplifying workflows, and cutting down on unnecessary steps, which can help reduce labor costs and increase efficiency.\n\n2. Negotiating with suppliers: By negotiating better deals and terms with suppliers, a business can potentially reduce the cost of goods and materials.\n\n3. Reducing waste: Implementing strategies to reduce waste in production, operations, and other areas can help save money and resources.\n\n4. Outsourcing: Outsourcing certain tasks or processes to a third-party provider can often be more cost-effective than performing them in-house.\n\n5. Switching to energy-efficient equipment: Upgrading to more energy-efficient machinery, lighting, and other equipment can help reduce energy costs.\n\n6. Implementing cost-sharing programs: Introducing cost-sharing programs such as employee telecommuting, carpooling or flexible schedules can reduce the cost of commuting and utility bills.\n\n7. Reviewing expenses and cutting back: Regularly reviewing expenses and identifying areas where spending can be cut back, such as subscriptions or travel expenses, can help reduce costs.\n\nUltimately, the most effective cost reduction solution will depend on a variety of factors, including the industry, business model, and specific circumstances of the organization in question.\n*****QUESTION:***** If there is an explanation: Does the explanation list contributing factors?", "index": 1109}, {"instruction": "What is a feasible solution for cost reduction?", "input": "", "output": "A feasible solution for cost reduction can vary depending on the specific situation and context. However, some general approaches could include:\n\n1. Streamlining processes: This can involve automating repetitive tasks, simplifying workflows, and cutting down on unnecessary steps, which can help reduce labor costs and increase efficiency.\n\n2. Negotiating with suppliers: By negotiating better deals and terms with suppliers, a business can potentially reduce the cost of goods and materials.\n\n3. Reducing waste: Implementing strategies to reduce waste in production, operations, and other areas can help save money and resources.\n\n4. Outsourcing: Outsourcing certain tasks or processes to a third-party provider can often be more cost-effective than performing them in-house.\n\n5. Switching to energy-efficient equipment: Upgrading to more energy-efficient machinery, lighting, and other equipment can help reduce energy costs.\n\n6. Implementing cost-sharing programs: Introducing cost-sharing programs such as employee telecommuting, carpooling or flexible schedules can reduce the cost of commuting and utility bills.\n\n7. Reviewing expenses and cutting back: Regularly reviewing expenses and identifying areas where spending can be cut back, such as subscriptions or travel expenses, can help reduce costs.\n\nUltimately, the most effective cost reduction solution will depend on a variety of factors, including the industry, business model, and specific circumstances of the organization in question.", "all_data": "*****INSTRUCTION:***** What is a feasible solution for cost reduction?\n\n*****OUTPUT:***** A feasible solution for cost reduction can vary depending on the specific situation and context. However, some general approaches could include:\n\n1. Streamlining processes: This can involve automating repetitive tasks, simplifying workflows, and cutting down on unnecessary steps, which can help reduce labor costs and increase efficiency.\n\n2. Negotiating with suppliers: By negotiating better deals and terms with suppliers, a business can potentially reduce the cost of goods and materials.\n\n3. Reducing waste: Implementing strategies to reduce waste in production, operations, and other areas can help save money and resources.\n\n4. Outsourcing: Outsourcing certain tasks or processes to a third-party provider can often be more cost-effective than performing them in-house.\n\n5. Switching to energy-efficient equipment: Upgrading to more energy-efficient machinery, lighting, and other equipment can help reduce energy costs.\n\n6. Implementing cost-sharing programs: Introducing cost-sharing programs such as employee telecommuting, carpooling or flexible schedules can reduce the cost of commuting and utility bills.\n\n7. Reviewing expenses and cutting back: Regularly reviewing expenses and identifying areas where spending can be cut back, such as subscriptions or travel expenses, can help reduce costs.\n\nUltimately, the most effective cost reduction solution will depend on a variety of factors, including the industry, business model, and specific circumstances of the organization in question.\n*****QUESTION:***** If there is an explanation: Does the explanation include subjective or biased criteria?", "index": 1110}, {"instruction": "What is a feasible solution for cost reduction?", "input": "", "output": "A feasible solution for cost reduction can vary depending on the specific situation and context. However, some general approaches could include:\n\n1. Streamlining processes: This can involve automating repetitive tasks, simplifying workflows, and cutting down on unnecessary steps, which can help reduce labor costs and increase efficiency.\n\n2. Negotiating with suppliers: By negotiating better deals and terms with suppliers, a business can potentially reduce the cost of goods and materials.\n\n3. Reducing waste: Implementing strategies to reduce waste in production, operations, and other areas can help save money and resources.\n\n4. Outsourcing: Outsourcing certain tasks or processes to a third-party provider can often be more cost-effective than performing them in-house.\n\n5. Switching to energy-efficient equipment: Upgrading to more energy-efficient machinery, lighting, and other equipment can help reduce energy costs.\n\n6. Implementing cost-sharing programs: Introducing cost-sharing programs such as employee telecommuting, carpooling or flexible schedules can reduce the cost of commuting and utility bills.\n\n7. Reviewing expenses and cutting back: Regularly reviewing expenses and identifying areas where spending can be cut back, such as subscriptions or travel expenses, can help reduce costs.\n\nUltimately, the most effective cost reduction solution will depend on a variety of factors, including the industry, business model, and specific circumstances of the organization in question.", "all_data": "*****INSTRUCTION:***** What is a feasible solution for cost reduction?\n\n*****OUTPUT:***** A feasible solution for cost reduction can vary depending on the specific situation and context. However, some general approaches could include:\n\n1. Streamlining processes: This can involve automating repetitive tasks, simplifying workflows, and cutting down on unnecessary steps, which can help reduce labor costs and increase efficiency.\n\n2. Negotiating with suppliers: By negotiating better deals and terms with suppliers, a business can potentially reduce the cost of goods and materials.\n\n3. Reducing waste: Implementing strategies to reduce waste in production, operations, and other areas can help save money and resources.\n\n4. Outsourcing: Outsourcing certain tasks or processes to a third-party provider can often be more cost-effective than performing them in-house.\n\n5. Switching to energy-efficient equipment: Upgrading to more energy-efficient machinery, lighting, and other equipment can help reduce energy costs.\n\n6. Implementing cost-sharing programs: Introducing cost-sharing programs such as employee telecommuting, carpooling or flexible schedules can reduce the cost of commuting and utility bills.\n\n7. Reviewing expenses and cutting back: Regularly reviewing expenses and identifying areas where spending can be cut back, such as subscriptions or travel expenses, can help reduce costs.\n\nUltimately, the most effective cost reduction solution will depend on a variety of factors, including the industry, business model, and specific circumstances of the organization in question.\n*****QUESTION:***** If there is an explanation: Does the explanation include illustrative elements (e.g. examples)?", "index": 1111}, {"instruction": "What is a feasible solution for cost reduction?", "input": "", "output": "A feasible solution for cost reduction can vary depending on the specific situation and context. However, some general approaches could include:\n\n1. Streamlining processes: This can involve automating repetitive tasks, simplifying workflows, and cutting down on unnecessary steps, which can help reduce labor costs and increase efficiency.\n\n2. Negotiating with suppliers: By negotiating better deals and terms with suppliers, a business can potentially reduce the cost of goods and materials.\n\n3. Reducing waste: Implementing strategies to reduce waste in production, operations, and other areas can help save money and resources.\n\n4. Outsourcing: Outsourcing certain tasks or processes to a third-party provider can often be more cost-effective than performing them in-house.\n\n5. Switching to energy-efficient equipment: Upgrading to more energy-efficient machinery, lighting, and other equipment can help reduce energy costs.\n\n6. Implementing cost-sharing programs: Introducing cost-sharing programs such as employee telecommuting, carpooling or flexible schedules can reduce the cost of commuting and utility bills.\n\n7. Reviewing expenses and cutting back: Regularly reviewing expenses and identifying areas where spending can be cut back, such as subscriptions or travel expenses, can help reduce costs.\n\nUltimately, the most effective cost reduction solution will depend on a variety of factors, including the industry, business model, and specific circumstances of the organization in question.", "all_data": "*****INSTRUCTION:***** What is a feasible solution for cost reduction?\n\n*****OUTPUT:***** A feasible solution for cost reduction can vary depending on the specific situation and context. However, some general approaches could include:\n\n1. Streamlining processes: This can involve automating repetitive tasks, simplifying workflows, and cutting down on unnecessary steps, which can help reduce labor costs and increase efficiency.\n\n2. Negotiating with suppliers: By negotiating better deals and terms with suppliers, a business can potentially reduce the cost of goods and materials.\n\n3. Reducing waste: Implementing strategies to reduce waste in production, operations, and other areas can help save money and resources.\n\n4. Outsourcing: Outsourcing certain tasks or processes to a third-party provider can often be more cost-effective than performing them in-house.\n\n5. Switching to energy-efficient equipment: Upgrading to more energy-efficient machinery, lighting, and other equipment can help reduce energy costs.\n\n6. Implementing cost-sharing programs: Introducing cost-sharing programs such as employee telecommuting, carpooling or flexible schedules can reduce the cost of commuting and utility bills.\n\n7. Reviewing expenses and cutting back: Regularly reviewing expenses and identifying areas where spending can be cut back, such as subscriptions or travel expenses, can help reduce costs.\n\nUltimately, the most effective cost reduction solution will depend on a variety of factors, including the industry, business model, and specific circumstances of the organization in question.\n*****QUESTION:***** If there is an explanation: Is the explanation misleading (e.g. arguing for a label that is wrong)?", "index": 1112}, {"instruction": "Suggest a way to make this workplace more efficient.", "input": "A medium-sized business office.", "output": "One way to make a medium-sized business office more efficient is to streamline its communication processes. This can be achieved through the implementation of collaboration software that allows for real-time communication, document sharing, and project management. The adoption of such technology reduces the need for unnecessary meetings, minimizes delays in projects, and ensures that important information is easily accessible to all members of the team. Additionally, regular training sessions can be conducted to ensure that all employees are aware of the software's capabilities and know how to use it effectively.", "all_data": "*****INSTRUCTION:***** Suggest a way to make this workplace more efficient.\nA medium-sized business office.\n*****OUTPUT:***** One way to make a medium-sized business office more efficient is to streamline its communication processes. This can be achieved through the implementation of collaboration software that allows for real-time communication, document sharing, and project management. The adoption of such technology reduces the need for unnecessary meetings, minimizes delays in projects, and ensures that important information is easily accessible to all members of the team. Additionally, regular training sessions can be conducted to ensure that all employees are aware of the software's capabilities and know how to use it effectively.\n*****QUESTION:***** Does the output contain an explanation for the prediction?", "index": 1113}, {"instruction": "Suggest a way to make this workplace more efficient.", "input": "A medium-sized business office.", "output": "One way to make a medium-sized business office more efficient is to streamline its communication processes. This can be achieved through the implementation of collaboration software that allows for real-time communication, document sharing, and project management. The adoption of such technology reduces the need for unnecessary meetings, minimizes delays in projects, and ensures that important information is easily accessible to all members of the team. Additionally, regular training sessions can be conducted to ensure that all employees are aware of the software's capabilities and know how to use it effectively.", "all_data": "*****INSTRUCTION:***** Suggest a way to make this workplace more efficient.\nA medium-sized business office.\n*****OUTPUT:***** One way to make a medium-sized business office more efficient is to streamline its communication processes. This can be achieved through the implementation of collaboration software that allows for real-time communication, document sharing, and project management. The adoption of such technology reduces the need for unnecessary meetings, minimizes delays in projects, and ensures that important information is easily accessible to all members of the team. Additionally, regular training sessions can be conducted to ensure that all employees are aware of the software's capabilities and know how to use it effectively.\n*****QUESTION:***** Would you give an explanation/justify your reasoning if you were asked this question by a friend?", "index": 1114}, {"instruction": "Suggest a way to make this workplace more efficient.", "input": "A medium-sized business office.", "output": "One way to make a medium-sized business office more efficient is to streamline its communication processes. This can be achieved through the implementation of collaboration software that allows for real-time communication, document sharing, and project management. The adoption of such technology reduces the need for unnecessary meetings, minimizes delays in projects, and ensures that important information is easily accessible to all members of the team. Additionally, regular training sessions can be conducted to ensure that all employees are aware of the software's capabilities and know how to use it effectively.", "all_data": "*****INSTRUCTION:***** Suggest a way to make this workplace more efficient.\nA medium-sized business office.\n*****OUTPUT:***** One way to make a medium-sized business office more efficient is to streamline its communication processes. This can be achieved through the implementation of collaboration software that allows for real-time communication, document sharing, and project management. The adoption of such technology reduces the need for unnecessary meetings, minimizes delays in projects, and ensures that important information is easily accessible to all members of the team. Additionally, regular training sessions can be conducted to ensure that all employees are aware of the software's capabilities and know how to use it effectively.\n*****QUESTION:***** If there is an explanation: Does the explanation refer to commonsense concepts that are taken as given?", "index": 1115}, {"instruction": "Suggest a way to make this workplace more efficient.", "input": "A medium-sized business office.", "output": "One way to make a medium-sized business office more efficient is to streamline its communication processes. This can be achieved through the implementation of collaboration software that allows for real-time communication, document sharing, and project management. The adoption of such technology reduces the need for unnecessary meetings, minimizes delays in projects, and ensures that important information is easily accessible to all members of the team. Additionally, regular training sessions can be conducted to ensure that all employees are aware of the software's capabilities and know how to use it effectively.", "all_data": "*****INSTRUCTION:***** Suggest a way to make this workplace more efficient.\nA medium-sized business office.\n*****OUTPUT:***** One way to make a medium-sized business office more efficient is to streamline its communication processes. This can be achieved through the implementation of collaboration software that allows for real-time communication, document sharing, and project management. The adoption of such technology reduces the need for unnecessary meetings, minimizes delays in projects, and ensures that important information is easily accessible to all members of the team. Additionally, regular training sessions can be conducted to ensure that all employees are aware of the software's capabilities and know how to use it effectively.\n*****QUESTION:***** If there is an explanation: Does the explanation list contributing factors?", "index": 1116}, {"instruction": "Suggest a way to make this workplace more efficient.", "input": "A medium-sized business office.", "output": "One way to make a medium-sized business office more efficient is to streamline its communication processes. This can be achieved through the implementation of collaboration software that allows for real-time communication, document sharing, and project management. The adoption of such technology reduces the need for unnecessary meetings, minimizes delays in projects, and ensures that important information is easily accessible to all members of the team. Additionally, regular training sessions can be conducted to ensure that all employees are aware of the software's capabilities and know how to use it effectively.", "all_data": "*****INSTRUCTION:***** Suggest a way to make this workplace more efficient.\nA medium-sized business office.\n*****OUTPUT:***** One way to make a medium-sized business office more efficient is to streamline its communication processes. This can be achieved through the implementation of collaboration software that allows for real-time communication, document sharing, and project management. The adoption of such technology reduces the need for unnecessary meetings, minimizes delays in projects, and ensures that important information is easily accessible to all members of the team. Additionally, regular training sessions can be conducted to ensure that all employees are aware of the software's capabilities and know how to use it effectively.\n*****QUESTION:***** If there is an explanation: Does the explanation include subjective or biased criteria?", "index": 1117}, {"instruction": "Suggest a way to make this workplace more efficient.", "input": "A medium-sized business office.", "output": "One way to make a medium-sized business office more efficient is to streamline its communication processes. This can be achieved through the implementation of collaboration software that allows for real-time communication, document sharing, and project management. The adoption of such technology reduces the need for unnecessary meetings, minimizes delays in projects, and ensures that important information is easily accessible to all members of the team. Additionally, regular training sessions can be conducted to ensure that all employees are aware of the software's capabilities and know how to use it effectively.", "all_data": "*****INSTRUCTION:***** Suggest a way to make this workplace more efficient.\nA medium-sized business office.\n*****OUTPUT:***** One way to make a medium-sized business office more efficient is to streamline its communication processes. This can be achieved through the implementation of collaboration software that allows for real-time communication, document sharing, and project management. The adoption of such technology reduces the need for unnecessary meetings, minimizes delays in projects, and ensures that important information is easily accessible to all members of the team. Additionally, regular training sessions can be conducted to ensure that all employees are aware of the software's capabilities and know how to use it effectively.\n*****QUESTION:***** If there is an explanation: Does the explanation include illustrative elements (e.g. examples)?", "index": 1118}, {"instruction": "Suggest a way to make this workplace more efficient.", "input": "A medium-sized business office.", "output": "One way to make a medium-sized business office more efficient is to streamline its communication processes. This can be achieved through the implementation of collaboration software that allows for real-time communication, document sharing, and project management. The adoption of such technology reduces the need for unnecessary meetings, minimizes delays in projects, and ensures that important information is easily accessible to all members of the team. Additionally, regular training sessions can be conducted to ensure that all employees are aware of the software's capabilities and know how to use it effectively.", "all_data": "*****INSTRUCTION:***** Suggest a way to make this workplace more efficient.\nA medium-sized business office.\n*****OUTPUT:***** One way to make a medium-sized business office more efficient is to streamline its communication processes. This can be achieved through the implementation of collaboration software that allows for real-time communication, document sharing, and project management. The adoption of such technology reduces the need for unnecessary meetings, minimizes delays in projects, and ensures that important information is easily accessible to all members of the team. Additionally, regular training sessions can be conducted to ensure that all employees are aware of the software's capabilities and know how to use it effectively.\n*****QUESTION:***** If there is an explanation: Is the explanation misleading (e.g. arguing for a label that is wrong)?", "index": 1119}, {"instruction": "To make the following two sentences an appropriate analogy, write a replacement for the word \"poet\"", "input": "Bird : Chirp :: Poet :", "output": "Bird : Chirp :: Poet : Verse", "all_data": "*****INSTRUCTION:***** To make the following two sentences an appropriate analogy, write a replacement for the word \"poet\"\nBird : Chirp :: Poet :\n*****OUTPUT:***** Bird : Chirp :: Poet : Verse\n*****QUESTION:***** Does the output contain an explanation for the prediction?", "index": 1120}, {"instruction": "To make the following two sentences an appropriate analogy, write a replacement for the word \"poet\"", "input": "Bird : Chirp :: Poet :", "output": "Bird : Chirp :: Poet : Verse", "all_data": "*****INSTRUCTION:***** To make the following two sentences an appropriate analogy, write a replacement for the word \"poet\"\nBird : Chirp :: Poet :\n*****OUTPUT:***** Bird : Chirp :: Poet : Verse\n*****QUESTION:***** Would you give an explanation/justify your reasoning if you were asked this question by a friend?", "index": 1121}, {"instruction": "To make the following two sentences an appropriate analogy, write a replacement for the word \"poet\"", "input": "Bird : Chirp :: Poet :", "output": "Bird : Chirp :: Poet : Verse", "all_data": "*****INSTRUCTION:***** To make the following two sentences an appropriate analogy, write a replacement for the word \"poet\"\nBird : Chirp :: Poet :\n*****OUTPUT:***** Bird : Chirp :: Poet : Verse\n*****QUESTION:***** If there is an explanation: Does the explanation refer to commonsense concepts that are taken as given?", "index": 1122}, {"instruction": "To make the following two sentences an appropriate analogy, write a replacement for the word \"poet\"", "input": "Bird : Chirp :: Poet :", "output": "Bird : Chirp :: Poet : Verse", "all_data": "*****INSTRUCTION:***** To make the following two sentences an appropriate analogy, write a replacement for the word \"poet\"\nBird : Chirp :: Poet :\n*****OUTPUT:***** Bird : Chirp :: Poet : Verse\n*****QUESTION:***** If there is an explanation: Does the explanation list contributing factors?", "index": 1123}, {"instruction": "To make the following two sentences an appropriate analogy, write a replacement for the word \"poet\"", "input": "Bird : Chirp :: Poet :", "output": "Bird : Chirp :: Poet : Verse", "all_data": "*****INSTRUCTION:***** To make the following two sentences an appropriate analogy, write a replacement for the word \"poet\"\nBird : Chirp :: Poet :\n*****OUTPUT:***** Bird : Chirp :: Poet : Verse\n*****QUESTION:***** If there is an explanation: Does the explanation include subjective or biased criteria?", "index": 1124}, {"instruction": "To make the following two sentences an appropriate analogy, write a replacement for the word \"poet\"", "input": "Bird : Chirp :: Poet :", "output": "Bird : Chirp :: Poet : Verse", "all_data": "*****INSTRUCTION:***** To make the following two sentences an appropriate analogy, write a replacement for the word \"poet\"\nBird : Chirp :: Poet :\n*****OUTPUT:***** Bird : Chirp :: Poet : Verse\n*****QUESTION:***** If there is an explanation: Does the explanation include illustrative elements (e.g. examples)?", "index": 1125}, {"instruction": "To make the following two sentences an appropriate analogy, write a replacement for the word \"poet\"", "input": "Bird : Chirp :: Poet :", "output": "Bird : Chirp :: Poet : Verse", "all_data": "*****INSTRUCTION:***** To make the following two sentences an appropriate analogy, write a replacement for the word \"poet\"\nBird : Chirp :: Poet :\n*****OUTPUT:***** Bird : Chirp :: Poet : Verse\n*****QUESTION:***** If there is an explanation: Is the explanation misleading (e.g. arguing for a label that is wrong)?", "index": 1126}, {"instruction": "Explain how a Unix system can be protected from external threats.", "input": "", "output": "A Unix system can be protected from external threats using a number of techniques and measures. These include:\n\n1. Updating regularly: Keeping the system updated with the latest patches and upgrades is crucial for closing security holes and fixing vulnerabilities.\n2. Firewall: Configuring a firewall to restrict incoming traffic to the system can provide protection against intrusion and unauthorized access. Only the ports and services required for the system's functionality should be open in the firewall settings.\n3. Password policies: Enforcing strong password policies, including the use of complex, unique passwords and frequent password changes, can help prevent unauthorized access to the system.\n4. User Management: Care should be taken when creating user accounts and assigning permissions. Unnecessary accounts with high levels of access should be avoided and the principle of least privilege should be followed (users should only have the minimum level of access needed to perform their job).\n5. Anti-virus software: Installing an anti-virus program and keeping it updated can help protect against malware and viruses.\n6. Monitoring logs: Keeping an eye on system logs and monitoring for unusual activity can help to detect and prevent external threats. Auditing tools can be used to automate the process.\n7. Backups: Regular backups of important data should be taken to ensure that the data can be restored in case the system is compromised.\n8. Encryption: Using encryption for transmitting and storing sensitive data can help to prevent unauthorized access.\n9. Network security: The systems network should be secured, with measures such as wireless encryption, Virtual Private Networks (VPN) and secure connections (SSH).\n10. Physical security: Finally, physical security of the system equipment can prevent unauthorized access to the system, and security measures such as camera surveillance and alarm systems can help monitor any attempts at breach.\n\nBy adopting these measures, a Unix system can be made more secure against external threats. However, security is an ongoing process that requires constant vigilance and regular attention to keep the system safe.", "all_data": "*****INSTRUCTION:***** Explain how a Unix system can be protected from external threats.\n\n*****OUTPUT:***** A Unix system can be protected from external threats using a number of techniques and measures. These include:\n\n1. Updating regularly: Keeping the system updated with the latest patches and upgrades is crucial for closing security holes and fixing vulnerabilities.\n2. Firewall: Configuring a firewall to restrict incoming traffic to the system can provide protection against intrusion and unauthorized access. Only the ports and services required for the system's functionality should be open in the firewall settings.\n3. Password policies: Enforcing strong password policies, including the use of complex, unique passwords and frequent password changes, can help prevent unauthorized access to the system.\n4. User Management: Care should be taken when creating user accounts and assigning permissions. Unnecessary accounts with high levels of access should be avoided and the principle of least privilege should be followed (users should only have the minimum level of access needed to perform their job).\n5. Anti-virus software: Installing an anti-virus program and keeping it updated can help protect against malware and viruses.\n6. Monitoring logs: Keeping an eye on system logs and monitoring for unusual activity can help to detect and prevent external threats. Auditing tools can be used to automate the process.\n7. Backups: Regular backups of important data should be taken to ensure that the data can be restored in case the system is compromised.\n8. Encryption: Using encryption for transmitting and storing sensitive data can help to prevent unauthorized access.\n9. Network security: The systems network should be secured, with measures such as wireless encryption, Virtual Private Networks (VPN) and secure connections (SSH).\n10. Physical security: Finally, physical security of the system equipment can prevent unauthorized access to the system, and security measures such as camera surveillance and alarm systems can help monitor any attempts at breach.\n\nBy adopting these measures, a Unix system can be made more secure against external threats. However, security is an ongoing process that requires constant vigilance and regular attention to keep the system safe.\n*****QUESTION:***** Does the output contain an explanation for the prediction?", "index": 1127}, {"instruction": "Explain how a Unix system can be protected from external threats.", "input": "", "output": "A Unix system can be protected from external threats using a number of techniques and measures. These include:\n\n1. Updating regularly: Keeping the system updated with the latest patches and upgrades is crucial for closing security holes and fixing vulnerabilities.\n2. Firewall: Configuring a firewall to restrict incoming traffic to the system can provide protection against intrusion and unauthorized access. Only the ports and services required for the system's functionality should be open in the firewall settings.\n3. Password policies: Enforcing strong password policies, including the use of complex, unique passwords and frequent password changes, can help prevent unauthorized access to the system.\n4. User Management: Care should be taken when creating user accounts and assigning permissions. Unnecessary accounts with high levels of access should be avoided and the principle of least privilege should be followed (users should only have the minimum level of access needed to perform their job).\n5. Anti-virus software: Installing an anti-virus program and keeping it updated can help protect against malware and viruses.\n6. Monitoring logs: Keeping an eye on system logs and monitoring for unusual activity can help to detect and prevent external threats. Auditing tools can be used to automate the process.\n7. Backups: Regular backups of important data should be taken to ensure that the data can be restored in case the system is compromised.\n8. Encryption: Using encryption for transmitting and storing sensitive data can help to prevent unauthorized access.\n9. Network security: The systems network should be secured, with measures such as wireless encryption, Virtual Private Networks (VPN) and secure connections (SSH).\n10. Physical security: Finally, physical security of the system equipment can prevent unauthorized access to the system, and security measures such as camera surveillance and alarm systems can help monitor any attempts at breach.\n\nBy adopting these measures, a Unix system can be made more secure against external threats. However, security is an ongoing process that requires constant vigilance and regular attention to keep the system safe.", "all_data": "*****INSTRUCTION:***** Explain how a Unix system can be protected from external threats.\n\n*****OUTPUT:***** A Unix system can be protected from external threats using a number of techniques and measures. These include:\n\n1. Updating regularly: Keeping the system updated with the latest patches and upgrades is crucial for closing security holes and fixing vulnerabilities.\n2. Firewall: Configuring a firewall to restrict incoming traffic to the system can provide protection against intrusion and unauthorized access. Only the ports and services required for the system's functionality should be open in the firewall settings.\n3. Password policies: Enforcing strong password policies, including the use of complex, unique passwords and frequent password changes, can help prevent unauthorized access to the system.\n4. User Management: Care should be taken when creating user accounts and assigning permissions. Unnecessary accounts with high levels of access should be avoided and the principle of least privilege should be followed (users should only have the minimum level of access needed to perform their job).\n5. Anti-virus software: Installing an anti-virus program and keeping it updated can help protect against malware and viruses.\n6. Monitoring logs: Keeping an eye on system logs and monitoring for unusual activity can help to detect and prevent external threats. Auditing tools can be used to automate the process.\n7. Backups: Regular backups of important data should be taken to ensure that the data can be restored in case the system is compromised.\n8. Encryption: Using encryption for transmitting and storing sensitive data can help to prevent unauthorized access.\n9. Network security: The systems network should be secured, with measures such as wireless encryption, Virtual Private Networks (VPN) and secure connections (SSH).\n10. Physical security: Finally, physical security of the system equipment can prevent unauthorized access to the system, and security measures such as camera surveillance and alarm systems can help monitor any attempts at breach.\n\nBy adopting these measures, a Unix system can be made more secure against external threats. However, security is an ongoing process that requires constant vigilance and regular attention to keep the system safe.\n*****QUESTION:***** Would you give an explanation/justify your reasoning if you were asked this question by a friend?", "index": 1128}, {"instruction": "Explain how a Unix system can be protected from external threats.", "input": "", "output": "A Unix system can be protected from external threats using a number of techniques and measures. These include:\n\n1. Updating regularly: Keeping the system updated with the latest patches and upgrades is crucial for closing security holes and fixing vulnerabilities.\n2. Firewall: Configuring a firewall to restrict incoming traffic to the system can provide protection against intrusion and unauthorized access. Only the ports and services required for the system's functionality should be open in the firewall settings.\n3. Password policies: Enforcing strong password policies, including the use of complex, unique passwords and frequent password changes, can help prevent unauthorized access to the system.\n4. User Management: Care should be taken when creating user accounts and assigning permissions. Unnecessary accounts with high levels of access should be avoided and the principle of least privilege should be followed (users should only have the minimum level of access needed to perform their job).\n5. Anti-virus software: Installing an anti-virus program and keeping it updated can help protect against malware and viruses.\n6. Monitoring logs: Keeping an eye on system logs and monitoring for unusual activity can help to detect and prevent external threats. Auditing tools can be used to automate the process.\n7. Backups: Regular backups of important data should be taken to ensure that the data can be restored in case the system is compromised.\n8. Encryption: Using encryption for transmitting and storing sensitive data can help to prevent unauthorized access.\n9. Network security: The systems network should be secured, with measures such as wireless encryption, Virtual Private Networks (VPN) and secure connections (SSH).\n10. Physical security: Finally, physical security of the system equipment can prevent unauthorized access to the system, and security measures such as camera surveillance and alarm systems can help monitor any attempts at breach.\n\nBy adopting these measures, a Unix system can be made more secure against external threats. However, security is an ongoing process that requires constant vigilance and regular attention to keep the system safe.", "all_data": "*****INSTRUCTION:***** Explain how a Unix system can be protected from external threats.\n\n*****OUTPUT:***** A Unix system can be protected from external threats using a number of techniques and measures. These include:\n\n1. Updating regularly: Keeping the system updated with the latest patches and upgrades is crucial for closing security holes and fixing vulnerabilities.\n2. Firewall: Configuring a firewall to restrict incoming traffic to the system can provide protection against intrusion and unauthorized access. Only the ports and services required for the system's functionality should be open in the firewall settings.\n3. Password policies: Enforcing strong password policies, including the use of complex, unique passwords and frequent password changes, can help prevent unauthorized access to the system.\n4. User Management: Care should be taken when creating user accounts and assigning permissions. Unnecessary accounts with high levels of access should be avoided and the principle of least privilege should be followed (users should only have the minimum level of access needed to perform their job).\n5. Anti-virus software: Installing an anti-virus program and keeping it updated can help protect against malware and viruses.\n6. Monitoring logs: Keeping an eye on system logs and monitoring for unusual activity can help to detect and prevent external threats. Auditing tools can be used to automate the process.\n7. Backups: Regular backups of important data should be taken to ensure that the data can be restored in case the system is compromised.\n8. Encryption: Using encryption for transmitting and storing sensitive data can help to prevent unauthorized access.\n9. Network security: The systems network should be secured, with measures such as wireless encryption, Virtual Private Networks (VPN) and secure connections (SSH).\n10. Physical security: Finally, physical security of the system equipment can prevent unauthorized access to the system, and security measures such as camera surveillance and alarm systems can help monitor any attempts at breach.\n\nBy adopting these measures, a Unix system can be made more secure against external threats. However, security is an ongoing process that requires constant vigilance and regular attention to keep the system safe.\n*****QUESTION:***** If there is an explanation: Does the explanation refer to commonsense concepts that are taken as given?", "index": 1129}, {"instruction": "Explain how a Unix system can be protected from external threats.", "input": "", "output": "A Unix system can be protected from external threats using a number of techniques and measures. These include:\n\n1. Updating regularly: Keeping the system updated with the latest patches and upgrades is crucial for closing security holes and fixing vulnerabilities.\n2. Firewall: Configuring a firewall to restrict incoming traffic to the system can provide protection against intrusion and unauthorized access. Only the ports and services required for the system's functionality should be open in the firewall settings.\n3. Password policies: Enforcing strong password policies, including the use of complex, unique passwords and frequent password changes, can help prevent unauthorized access to the system.\n4. User Management: Care should be taken when creating user accounts and assigning permissions. Unnecessary accounts with high levels of access should be avoided and the principle of least privilege should be followed (users should only have the minimum level of access needed to perform their job).\n5. Anti-virus software: Installing an anti-virus program and keeping it updated can help protect against malware and viruses.\n6. Monitoring logs: Keeping an eye on system logs and monitoring for unusual activity can help to detect and prevent external threats. Auditing tools can be used to automate the process.\n7. Backups: Regular backups of important data should be taken to ensure that the data can be restored in case the system is compromised.\n8. Encryption: Using encryption for transmitting and storing sensitive data can help to prevent unauthorized access.\n9. Network security: The systems network should be secured, with measures such as wireless encryption, Virtual Private Networks (VPN) and secure connections (SSH).\n10. Physical security: Finally, physical security of the system equipment can prevent unauthorized access to the system, and security measures such as camera surveillance and alarm systems can help monitor any attempts at breach.\n\nBy adopting these measures, a Unix system can be made more secure against external threats. However, security is an ongoing process that requires constant vigilance and regular attention to keep the system safe.", "all_data": "*****INSTRUCTION:***** Explain how a Unix system can be protected from external threats.\n\n*****OUTPUT:***** A Unix system can be protected from external threats using a number of techniques and measures. These include:\n\n1. Updating regularly: Keeping the system updated with the latest patches and upgrades is crucial for closing security holes and fixing vulnerabilities.\n2. Firewall: Configuring a firewall to restrict incoming traffic to the system can provide protection against intrusion and unauthorized access. Only the ports and services required for the system's functionality should be open in the firewall settings.\n3. Password policies: Enforcing strong password policies, including the use of complex, unique passwords and frequent password changes, can help prevent unauthorized access to the system.\n4. User Management: Care should be taken when creating user accounts and assigning permissions. Unnecessary accounts with high levels of access should be avoided and the principle of least privilege should be followed (users should only have the minimum level of access needed to perform their job).\n5. Anti-virus software: Installing an anti-virus program and keeping it updated can help protect against malware and viruses.\n6. Monitoring logs: Keeping an eye on system logs and monitoring for unusual activity can help to detect and prevent external threats. Auditing tools can be used to automate the process.\n7. Backups: Regular backups of important data should be taken to ensure that the data can be restored in case the system is compromised.\n8. Encryption: Using encryption for transmitting and storing sensitive data can help to prevent unauthorized access.\n9. Network security: The systems network should be secured, with measures such as wireless encryption, Virtual Private Networks (VPN) and secure connections (SSH).\n10. Physical security: Finally, physical security of the system equipment can prevent unauthorized access to the system, and security measures such as camera surveillance and alarm systems can help monitor any attempts at breach.\n\nBy adopting these measures, a Unix system can be made more secure against external threats. However, security is an ongoing process that requires constant vigilance and regular attention to keep the system safe.\n*****QUESTION:***** If there is an explanation: Does the explanation list contributing factors?", "index": 1130}, {"instruction": "Explain how a Unix system can be protected from external threats.", "input": "", "output": "A Unix system can be protected from external threats using a number of techniques and measures. These include:\n\n1. Updating regularly: Keeping the system updated with the latest patches and upgrades is crucial for closing security holes and fixing vulnerabilities.\n2. Firewall: Configuring a firewall to restrict incoming traffic to the system can provide protection against intrusion and unauthorized access. Only the ports and services required for the system's functionality should be open in the firewall settings.\n3. Password policies: Enforcing strong password policies, including the use of complex, unique passwords and frequent password changes, can help prevent unauthorized access to the system.\n4. User Management: Care should be taken when creating user accounts and assigning permissions. Unnecessary accounts with high levels of access should be avoided and the principle of least privilege should be followed (users should only have the minimum level of access needed to perform their job).\n5. Anti-virus software: Installing an anti-virus program and keeping it updated can help protect against malware and viruses.\n6. Monitoring logs: Keeping an eye on system logs and monitoring for unusual activity can help to detect and prevent external threats. Auditing tools can be used to automate the process.\n7. Backups: Regular backups of important data should be taken to ensure that the data can be restored in case the system is compromised.\n8. Encryption: Using encryption for transmitting and storing sensitive data can help to prevent unauthorized access.\n9. Network security: The systems network should be secured, with measures such as wireless encryption, Virtual Private Networks (VPN) and secure connections (SSH).\n10. Physical security: Finally, physical security of the system equipment can prevent unauthorized access to the system, and security measures such as camera surveillance and alarm systems can help monitor any attempts at breach.\n\nBy adopting these measures, a Unix system can be made more secure against external threats. However, security is an ongoing process that requires constant vigilance and regular attention to keep the system safe.", "all_data": "*****INSTRUCTION:***** Explain how a Unix system can be protected from external threats.\n\n*****OUTPUT:***** A Unix system can be protected from external threats using a number of techniques and measures. These include:\n\n1. Updating regularly: Keeping the system updated with the latest patches and upgrades is crucial for closing security holes and fixing vulnerabilities.\n2. Firewall: Configuring a firewall to restrict incoming traffic to the system can provide protection against intrusion and unauthorized access. Only the ports and services required for the system's functionality should be open in the firewall settings.\n3. Password policies: Enforcing strong password policies, including the use of complex, unique passwords and frequent password changes, can help prevent unauthorized access to the system.\n4. User Management: Care should be taken when creating user accounts and assigning permissions. Unnecessary accounts with high levels of access should be avoided and the principle of least privilege should be followed (users should only have the minimum level of access needed to perform their job).\n5. Anti-virus software: Installing an anti-virus program and keeping it updated can help protect against malware and viruses.\n6. Monitoring logs: Keeping an eye on system logs and monitoring for unusual activity can help to detect and prevent external threats. Auditing tools can be used to automate the process.\n7. Backups: Regular backups of important data should be taken to ensure that the data can be restored in case the system is compromised.\n8. Encryption: Using encryption for transmitting and storing sensitive data can help to prevent unauthorized access.\n9. Network security: The systems network should be secured, with measures such as wireless encryption, Virtual Private Networks (VPN) and secure connections (SSH).\n10. Physical security: Finally, physical security of the system equipment can prevent unauthorized access to the system, and security measures such as camera surveillance and alarm systems can help monitor any attempts at breach.\n\nBy adopting these measures, a Unix system can be made more secure against external threats. However, security is an ongoing process that requires constant vigilance and regular attention to keep the system safe.\n*****QUESTION:***** If there is an explanation: Does the explanation include subjective or biased criteria?", "index": 1131}, {"instruction": "Explain how a Unix system can be protected from external threats.", "input": "", "output": "A Unix system can be protected from external threats using a number of techniques and measures. These include:\n\n1. Updating regularly: Keeping the system updated with the latest patches and upgrades is crucial for closing security holes and fixing vulnerabilities.\n2. Firewall: Configuring a firewall to restrict incoming traffic to the system can provide protection against intrusion and unauthorized access. Only the ports and services required for the system's functionality should be open in the firewall settings.\n3. Password policies: Enforcing strong password policies, including the use of complex, unique passwords and frequent password changes, can help prevent unauthorized access to the system.\n4. User Management: Care should be taken when creating user accounts and assigning permissions. Unnecessary accounts with high levels of access should be avoided and the principle of least privilege should be followed (users should only have the minimum level of access needed to perform their job).\n5. Anti-virus software: Installing an anti-virus program and keeping it updated can help protect against malware and viruses.\n6. Monitoring logs: Keeping an eye on system logs and monitoring for unusual activity can help to detect and prevent external threats. Auditing tools can be used to automate the process.\n7. Backups: Regular backups of important data should be taken to ensure that the data can be restored in case the system is compromised.\n8. Encryption: Using encryption for transmitting and storing sensitive data can help to prevent unauthorized access.\n9. Network security: The systems network should be secured, with measures such as wireless encryption, Virtual Private Networks (VPN) and secure connections (SSH).\n10. Physical security: Finally, physical security of the system equipment can prevent unauthorized access to the system, and security measures such as camera surveillance and alarm systems can help monitor any attempts at breach.\n\nBy adopting these measures, a Unix system can be made more secure against external threats. However, security is an ongoing process that requires constant vigilance and regular attention to keep the system safe.", "all_data": "*****INSTRUCTION:***** Explain how a Unix system can be protected from external threats.\n\n*****OUTPUT:***** A Unix system can be protected from external threats using a number of techniques and measures. These include:\n\n1. Updating regularly: Keeping the system updated with the latest patches and upgrades is crucial for closing security holes and fixing vulnerabilities.\n2. Firewall: Configuring a firewall to restrict incoming traffic to the system can provide protection against intrusion and unauthorized access. Only the ports and services required for the system's functionality should be open in the firewall settings.\n3. Password policies: Enforcing strong password policies, including the use of complex, unique passwords and frequent password changes, can help prevent unauthorized access to the system.\n4. User Management: Care should be taken when creating user accounts and assigning permissions. Unnecessary accounts with high levels of access should be avoided and the principle of least privilege should be followed (users should only have the minimum level of access needed to perform their job).\n5. Anti-virus software: Installing an anti-virus program and keeping it updated can help protect against malware and viruses.\n6. Monitoring logs: Keeping an eye on system logs and monitoring for unusual activity can help to detect and prevent external threats. Auditing tools can be used to automate the process.\n7. Backups: Regular backups of important data should be taken to ensure that the data can be restored in case the system is compromised.\n8. Encryption: Using encryption for transmitting and storing sensitive data can help to prevent unauthorized access.\n9. Network security: The systems network should be secured, with measures such as wireless encryption, Virtual Private Networks (VPN) and secure connections (SSH).\n10. Physical security: Finally, physical security of the system equipment can prevent unauthorized access to the system, and security measures such as camera surveillance and alarm systems can help monitor any attempts at breach.\n\nBy adopting these measures, a Unix system can be made more secure against external threats. However, security is an ongoing process that requires constant vigilance and regular attention to keep the system safe.\n*****QUESTION:***** If there is an explanation: Does the explanation include illustrative elements (e.g. examples)?", "index": 1132}, {"instruction": "Explain how a Unix system can be protected from external threats.", "input": "", "output": "A Unix system can be protected from external threats using a number of techniques and measures. These include:\n\n1. Updating regularly: Keeping the system updated with the latest patches and upgrades is crucial for closing security holes and fixing vulnerabilities.\n2. Firewall: Configuring a firewall to restrict incoming traffic to the system can provide protection against intrusion and unauthorized access. Only the ports and services required for the system's functionality should be open in the firewall settings.\n3. Password policies: Enforcing strong password policies, including the use of complex, unique passwords and frequent password changes, can help prevent unauthorized access to the system.\n4. User Management: Care should be taken when creating user accounts and assigning permissions. Unnecessary accounts with high levels of access should be avoided and the principle of least privilege should be followed (users should only have the minimum level of access needed to perform their job).\n5. Anti-virus software: Installing an anti-virus program and keeping it updated can help protect against malware and viruses.\n6. Monitoring logs: Keeping an eye on system logs and monitoring for unusual activity can help to detect and prevent external threats. Auditing tools can be used to automate the process.\n7. Backups: Regular backups of important data should be taken to ensure that the data can be restored in case the system is compromised.\n8. Encryption: Using encryption for transmitting and storing sensitive data can help to prevent unauthorized access.\n9. Network security: The systems network should be secured, with measures such as wireless encryption, Virtual Private Networks (VPN) and secure connections (SSH).\n10. Physical security: Finally, physical security of the system equipment can prevent unauthorized access to the system, and security measures such as camera surveillance and alarm systems can help monitor any attempts at breach.\n\nBy adopting these measures, a Unix system can be made more secure against external threats. However, security is an ongoing process that requires constant vigilance and regular attention to keep the system safe.", "all_data": "*****INSTRUCTION:***** Explain how a Unix system can be protected from external threats.\n\n*****OUTPUT:***** A Unix system can be protected from external threats using a number of techniques and measures. These include:\n\n1. Updating regularly: Keeping the system updated with the latest patches and upgrades is crucial for closing security holes and fixing vulnerabilities.\n2. Firewall: Configuring a firewall to restrict incoming traffic to the system can provide protection against intrusion and unauthorized access. Only the ports and services required for the system's functionality should be open in the firewall settings.\n3. Password policies: Enforcing strong password policies, including the use of complex, unique passwords and frequent password changes, can help prevent unauthorized access to the system.\n4. User Management: Care should be taken when creating user accounts and assigning permissions. Unnecessary accounts with high levels of access should be avoided and the principle of least privilege should be followed (users should only have the minimum level of access needed to perform their job).\n5. Anti-virus software: Installing an anti-virus program and keeping it updated can help protect against malware and viruses.\n6. Monitoring logs: Keeping an eye on system logs and monitoring for unusual activity can help to detect and prevent external threats. Auditing tools can be used to automate the process.\n7. Backups: Regular backups of important data should be taken to ensure that the data can be restored in case the system is compromised.\n8. Encryption: Using encryption for transmitting and storing sensitive data can help to prevent unauthorized access.\n9. Network security: The systems network should be secured, with measures such as wireless encryption, Virtual Private Networks (VPN) and secure connections (SSH).\n10. Physical security: Finally, physical security of the system equipment can prevent unauthorized access to the system, and security measures such as camera surveillance and alarm systems can help monitor any attempts at breach.\n\nBy adopting these measures, a Unix system can be made more secure against external threats. However, security is an ongoing process that requires constant vigilance and regular attention to keep the system safe.\n*****QUESTION:***** If there is an explanation: Is the explanation misleading (e.g. arguing for a label that is wrong)?", "index": 1133}, {"instruction": "Calculate the monthly mortgage payment on a loan of $250,000 with a fixed annual interest rate of 4%.", "input": "", "output": "To calculate the monthly mortgage payment on a loan of $250,000 with a fixed annual interest rate of 4%, we can use the following formula: \n\nMonthly Mortgage Payment = (Loan Amount * (Interest Rate/12)) / (1 - (1 + Interest Rate/12))^-Number of Months\n\nIn this case, the loan amount is $250,000 and the annual interest rate is 4%, which equates to a monthly interest rate of 0.33% or 0.0033. Assuming the loan term is 30 years or 360 months, the calculation would be as follows:\n\nMonthly Mortgage Payment = (250,000 * (0.04/12))/ (1 - (1 + 0.04/12))^-360\nMonthly Mortgage Payment = (250,000 * 0.0033) / (1 - 1.0033^-360)\nMonthly Mortgage Payment = 1193.54\n\nTherefore, the monthly mortgage payment on a loan of $250,000 with a fixed annual interest rate of 4% would be approximately $1193.54.", "all_data": "*****INSTRUCTION:***** Calculate the monthly mortgage payment on a loan of $250,000 with a fixed annual interest rate of 4%.\n\n*****OUTPUT:***** To calculate the monthly mortgage payment on a loan of $250,000 with a fixed annual interest rate of 4%, we can use the following formula: \n\nMonthly Mortgage Payment = (Loan Amount * (Interest Rate/12)) / (1 - (1 + Interest Rate/12))^-Number of Months\n\nIn this case, the loan amount is $250,000 and the annual interest rate is 4%, which equates to a monthly interest rate of 0.33% or 0.0033. Assuming the loan term is 30 years or 360 months, the calculation would be as follows:\n\nMonthly Mortgage Payment = (250,000 * (0.04/12))/ (1 - (1 + 0.04/12))^-360\nMonthly Mortgage Payment = (250,000 * 0.0033) / (1 - 1.0033^-360)\nMonthly Mortgage Payment = 1193.54\n\nTherefore, the monthly mortgage payment on a loan of $250,000 with a fixed annual interest rate of 4% would be approximately $1193.54.\n*****QUESTION:***** Does the output contain an explanation for the prediction?", "index": 1134}, {"instruction": "Calculate the monthly mortgage payment on a loan of $250,000 with a fixed annual interest rate of 4%.", "input": "", "output": "To calculate the monthly mortgage payment on a loan of $250,000 with a fixed annual interest rate of 4%, we can use the following formula: \n\nMonthly Mortgage Payment = (Loan Amount * (Interest Rate/12)) / (1 - (1 + Interest Rate/12))^-Number of Months\n\nIn this case, the loan amount is $250,000 and the annual interest rate is 4%, which equates to a monthly interest rate of 0.33% or 0.0033. Assuming the loan term is 30 years or 360 months, the calculation would be as follows:\n\nMonthly Mortgage Payment = (250,000 * (0.04/12))/ (1 - (1 + 0.04/12))^-360\nMonthly Mortgage Payment = (250,000 * 0.0033) / (1 - 1.0033^-360)\nMonthly Mortgage Payment = 1193.54\n\nTherefore, the monthly mortgage payment on a loan of $250,000 with a fixed annual interest rate of 4% would be approximately $1193.54.", "all_data": "*****INSTRUCTION:***** Calculate the monthly mortgage payment on a loan of $250,000 with a fixed annual interest rate of 4%.\n\n*****OUTPUT:***** To calculate the monthly mortgage payment on a loan of $250,000 with a fixed annual interest rate of 4%, we can use the following formula: \n\nMonthly Mortgage Payment = (Loan Amount * (Interest Rate/12)) / (1 - (1 + Interest Rate/12))^-Number of Months\n\nIn this case, the loan amount is $250,000 and the annual interest rate is 4%, which equates to a monthly interest rate of 0.33% or 0.0033. Assuming the loan term is 30 years or 360 months, the calculation would be as follows:\n\nMonthly Mortgage Payment = (250,000 * (0.04/12))/ (1 - (1 + 0.04/12))^-360\nMonthly Mortgage Payment = (250,000 * 0.0033) / (1 - 1.0033^-360)\nMonthly Mortgage Payment = 1193.54\n\nTherefore, the monthly mortgage payment on a loan of $250,000 with a fixed annual interest rate of 4% would be approximately $1193.54.\n*****QUESTION:***** Would you give an explanation/justify your reasoning if you were asked this question by a friend?", "index": 1135}, {"instruction": "Calculate the monthly mortgage payment on a loan of $250,000 with a fixed annual interest rate of 4%.", "input": "", "output": "To calculate the monthly mortgage payment on a loan of $250,000 with a fixed annual interest rate of 4%, we can use the following formula: \n\nMonthly Mortgage Payment = (Loan Amount * (Interest Rate/12)) / (1 - (1 + Interest Rate/12))^-Number of Months\n\nIn this case, the loan amount is $250,000 and the annual interest rate is 4%, which equates to a monthly interest rate of 0.33% or 0.0033. Assuming the loan term is 30 years or 360 months, the calculation would be as follows:\n\nMonthly Mortgage Payment = (250,000 * (0.04/12))/ (1 - (1 + 0.04/12))^-360\nMonthly Mortgage Payment = (250,000 * 0.0033) / (1 - 1.0033^-360)\nMonthly Mortgage Payment = 1193.54\n\nTherefore, the monthly mortgage payment on a loan of $250,000 with a fixed annual interest rate of 4% would be approximately $1193.54.", "all_data": "*****INSTRUCTION:***** Calculate the monthly mortgage payment on a loan of $250,000 with a fixed annual interest rate of 4%.\n\n*****OUTPUT:***** To calculate the monthly mortgage payment on a loan of $250,000 with a fixed annual interest rate of 4%, we can use the following formula: \n\nMonthly Mortgage Payment = (Loan Amount * (Interest Rate/12)) / (1 - (1 + Interest Rate/12))^-Number of Months\n\nIn this case, the loan amount is $250,000 and the annual interest rate is 4%, which equates to a monthly interest rate of 0.33% or 0.0033. Assuming the loan term is 30 years or 360 months, the calculation would be as follows:\n\nMonthly Mortgage Payment = (250,000 * (0.04/12))/ (1 - (1 + 0.04/12))^-360\nMonthly Mortgage Payment = (250,000 * 0.0033) / (1 - 1.0033^-360)\nMonthly Mortgage Payment = 1193.54\n\nTherefore, the monthly mortgage payment on a loan of $250,000 with a fixed annual interest rate of 4% would be approximately $1193.54.\n*****QUESTION:***** If there is an explanation: Does the explanation refer to commonsense concepts that are taken as given?", "index": 1136}, {"instruction": "Calculate the monthly mortgage payment on a loan of $250,000 with a fixed annual interest rate of 4%.", "input": "", "output": "To calculate the monthly mortgage payment on a loan of $250,000 with a fixed annual interest rate of 4%, we can use the following formula: \n\nMonthly Mortgage Payment = (Loan Amount * (Interest Rate/12)) / (1 - (1 + Interest Rate/12))^-Number of Months\n\nIn this case, the loan amount is $250,000 and the annual interest rate is 4%, which equates to a monthly interest rate of 0.33% or 0.0033. Assuming the loan term is 30 years or 360 months, the calculation would be as follows:\n\nMonthly Mortgage Payment = (250,000 * (0.04/12))/ (1 - (1 + 0.04/12))^-360\nMonthly Mortgage Payment = (250,000 * 0.0033) / (1 - 1.0033^-360)\nMonthly Mortgage Payment = 1193.54\n\nTherefore, the monthly mortgage payment on a loan of $250,000 with a fixed annual interest rate of 4% would be approximately $1193.54.", "all_data": "*****INSTRUCTION:***** Calculate the monthly mortgage payment on a loan of $250,000 with a fixed annual interest rate of 4%.\n\n*****OUTPUT:***** To calculate the monthly mortgage payment on a loan of $250,000 with a fixed annual interest rate of 4%, we can use the following formula: \n\nMonthly Mortgage Payment = (Loan Amount * (Interest Rate/12)) / (1 - (1 + Interest Rate/12))^-Number of Months\n\nIn this case, the loan amount is $250,000 and the annual interest rate is 4%, which equates to a monthly interest rate of 0.33% or 0.0033. Assuming the loan term is 30 years or 360 months, the calculation would be as follows:\n\nMonthly Mortgage Payment = (250,000 * (0.04/12))/ (1 - (1 + 0.04/12))^-360\nMonthly Mortgage Payment = (250,000 * 0.0033) / (1 - 1.0033^-360)\nMonthly Mortgage Payment = 1193.54\n\nTherefore, the monthly mortgage payment on a loan of $250,000 with a fixed annual interest rate of 4% would be approximately $1193.54.\n*****QUESTION:***** If there is an explanation: Does the explanation list contributing factors?", "index": 1137}, {"instruction": "Calculate the monthly mortgage payment on a loan of $250,000 with a fixed annual interest rate of 4%.", "input": "", "output": "To calculate the monthly mortgage payment on a loan of $250,000 with a fixed annual interest rate of 4%, we can use the following formula: \n\nMonthly Mortgage Payment = (Loan Amount * (Interest Rate/12)) / (1 - (1 + Interest Rate/12))^-Number of Months\n\nIn this case, the loan amount is $250,000 and the annual interest rate is 4%, which equates to a monthly interest rate of 0.33% or 0.0033. Assuming the loan term is 30 years or 360 months, the calculation would be as follows:\n\nMonthly Mortgage Payment = (250,000 * (0.04/12))/ (1 - (1 + 0.04/12))^-360\nMonthly Mortgage Payment = (250,000 * 0.0033) / (1 - 1.0033^-360)\nMonthly Mortgage Payment = 1193.54\n\nTherefore, the monthly mortgage payment on a loan of $250,000 with a fixed annual interest rate of 4% would be approximately $1193.54.", "all_data": "*****INSTRUCTION:***** Calculate the monthly mortgage payment on a loan of $250,000 with a fixed annual interest rate of 4%.\n\n*****OUTPUT:***** To calculate the monthly mortgage payment on a loan of $250,000 with a fixed annual interest rate of 4%, we can use the following formula: \n\nMonthly Mortgage Payment = (Loan Amount * (Interest Rate/12)) / (1 - (1 + Interest Rate/12))^-Number of Months\n\nIn this case, the loan amount is $250,000 and the annual interest rate is 4%, which equates to a monthly interest rate of 0.33% or 0.0033. Assuming the loan term is 30 years or 360 months, the calculation would be as follows:\n\nMonthly Mortgage Payment = (250,000 * (0.04/12))/ (1 - (1 + 0.04/12))^-360\nMonthly Mortgage Payment = (250,000 * 0.0033) / (1 - 1.0033^-360)\nMonthly Mortgage Payment = 1193.54\n\nTherefore, the monthly mortgage payment on a loan of $250,000 with a fixed annual interest rate of 4% would be approximately $1193.54.\n*****QUESTION:***** If there is an explanation: Does the explanation include subjective or biased criteria?", "index": 1138}, {"instruction": "Calculate the monthly mortgage payment on a loan of $250,000 with a fixed annual interest rate of 4%.", "input": "", "output": "To calculate the monthly mortgage payment on a loan of $250,000 with a fixed annual interest rate of 4%, we can use the following formula: \n\nMonthly Mortgage Payment = (Loan Amount * (Interest Rate/12)) / (1 - (1 + Interest Rate/12))^-Number of Months\n\nIn this case, the loan amount is $250,000 and the annual interest rate is 4%, which equates to a monthly interest rate of 0.33% or 0.0033. Assuming the loan term is 30 years or 360 months, the calculation would be as follows:\n\nMonthly Mortgage Payment = (250,000 * (0.04/12))/ (1 - (1 + 0.04/12))^-360\nMonthly Mortgage Payment = (250,000 * 0.0033) / (1 - 1.0033^-360)\nMonthly Mortgage Payment = 1193.54\n\nTherefore, the monthly mortgage payment on a loan of $250,000 with a fixed annual interest rate of 4% would be approximately $1193.54.", "all_data": "*****INSTRUCTION:***** Calculate the monthly mortgage payment on a loan of $250,000 with a fixed annual interest rate of 4%.\n\n*****OUTPUT:***** To calculate the monthly mortgage payment on a loan of $250,000 with a fixed annual interest rate of 4%, we can use the following formula: \n\nMonthly Mortgage Payment = (Loan Amount * (Interest Rate/12)) / (1 - (1 + Interest Rate/12))^-Number of Months\n\nIn this case, the loan amount is $250,000 and the annual interest rate is 4%, which equates to a monthly interest rate of 0.33% or 0.0033. Assuming the loan term is 30 years or 360 months, the calculation would be as follows:\n\nMonthly Mortgage Payment = (250,000 * (0.04/12))/ (1 - (1 + 0.04/12))^-360\nMonthly Mortgage Payment = (250,000 * 0.0033) / (1 - 1.0033^-360)\nMonthly Mortgage Payment = 1193.54\n\nTherefore, the monthly mortgage payment on a loan of $250,000 with a fixed annual interest rate of 4% would be approximately $1193.54.\n*****QUESTION:***** If there is an explanation: Does the explanation include illustrative elements (e.g. examples)?", "index": 1139}, {"instruction": "Calculate the monthly mortgage payment on a loan of $250,000 with a fixed annual interest rate of 4%.", "input": "", "output": "To calculate the monthly mortgage payment on a loan of $250,000 with a fixed annual interest rate of 4%, we can use the following formula: \n\nMonthly Mortgage Payment = (Loan Amount * (Interest Rate/12)) / (1 - (1 + Interest Rate/12))^-Number of Months\n\nIn this case, the loan amount is $250,000 and the annual interest rate is 4%, which equates to a monthly interest rate of 0.33% or 0.0033. Assuming the loan term is 30 years or 360 months, the calculation would be as follows:\n\nMonthly Mortgage Payment = (250,000 * (0.04/12))/ (1 - (1 + 0.04/12))^-360\nMonthly Mortgage Payment = (250,000 * 0.0033) / (1 - 1.0033^-360)\nMonthly Mortgage Payment = 1193.54\n\nTherefore, the monthly mortgage payment on a loan of $250,000 with a fixed annual interest rate of 4% would be approximately $1193.54.", "all_data": "*****INSTRUCTION:***** Calculate the monthly mortgage payment on a loan of $250,000 with a fixed annual interest rate of 4%.\n\n*****OUTPUT:***** To calculate the monthly mortgage payment on a loan of $250,000 with a fixed annual interest rate of 4%, we can use the following formula: \n\nMonthly Mortgage Payment = (Loan Amount * (Interest Rate/12)) / (1 - (1 + Interest Rate/12))^-Number of Months\n\nIn this case, the loan amount is $250,000 and the annual interest rate is 4%, which equates to a monthly interest rate of 0.33% or 0.0033. Assuming the loan term is 30 years or 360 months, the calculation would be as follows:\n\nMonthly Mortgage Payment = (250,000 * (0.04/12))/ (1 - (1 + 0.04/12))^-360\nMonthly Mortgage Payment = (250,000 * 0.0033) / (1 - 1.0033^-360)\nMonthly Mortgage Payment = 1193.54\n\nTherefore, the monthly mortgage payment on a loan of $250,000 with a fixed annual interest rate of 4% would be approximately $1193.54.\n*****QUESTION:***** If there is an explanation: Is the explanation misleading (e.g. arguing for a label that is wrong)?", "index": 1140}, {"instruction": "Give three tips for writing clear and concise sentences.", "input": "", "output": "1. Keep it simple: Stick to one main idea per sentence, and limit each sentence to 15-20 words. Avoid using complex words or jargon that can confuse readers.\n\n2. Be specific: Use specific language rather than vague or ambiguous words. This will help to reduce misunderstandings and make your message clear.\n\n3. Use active voice: In an active voice sentence, the subject is performing the action. This structure is more straightforward than using passive voice, and it is often more concise. For example, instead of saying, \"The ball was thrown by the boy,\" an active voice sentence would be, \"The boy threw the ball.\"", "all_data": "*****INSTRUCTION:***** Give three tips for writing clear and concise sentences.\n\n*****OUTPUT:***** 1. Keep it simple: Stick to one main idea per sentence, and limit each sentence to 15-20 words. Avoid using complex words or jargon that can confuse readers.\n\n2. Be specific: Use specific language rather than vague or ambiguous words. This will help to reduce misunderstandings and make your message clear.\n\n3. Use active voice: In an active voice sentence, the subject is performing the action. This structure is more straightforward than using passive voice, and it is often more concise. For example, instead of saying, \"The ball was thrown by the boy,\" an active voice sentence would be, \"The boy threw the ball.\"\n*****QUESTION:***** Does the output contain an explanation for the prediction?", "index": 1141}, {"instruction": "Give three tips for writing clear and concise sentences.", "input": "", "output": "1. Keep it simple: Stick to one main idea per sentence, and limit each sentence to 15-20 words. Avoid using complex words or jargon that can confuse readers.\n\n2. Be specific: Use specific language rather than vague or ambiguous words. This will help to reduce misunderstandings and make your message clear.\n\n3. Use active voice: In an active voice sentence, the subject is performing the action. This structure is more straightforward than using passive voice, and it is often more concise. For example, instead of saying, \"The ball was thrown by the boy,\" an active voice sentence would be, \"The boy threw the ball.\"", "all_data": "*****INSTRUCTION:***** Give three tips for writing clear and concise sentences.\n\n*****OUTPUT:***** 1. Keep it simple: Stick to one main idea per sentence, and limit each sentence to 15-20 words. Avoid using complex words or jargon that can confuse readers.\n\n2. Be specific: Use specific language rather than vague or ambiguous words. This will help to reduce misunderstandings and make your message clear.\n\n3. Use active voice: In an active voice sentence, the subject is performing the action. This structure is more straightforward than using passive voice, and it is often more concise. For example, instead of saying, \"The ball was thrown by the boy,\" an active voice sentence would be, \"The boy threw the ball.\"\n*****QUESTION:***** Would you give an explanation/justify your reasoning if you were asked this question by a friend?", "index": 1142}, {"instruction": "Give three tips for writing clear and concise sentences.", "input": "", "output": "1. Keep it simple: Stick to one main idea per sentence, and limit each sentence to 15-20 words. Avoid using complex words or jargon that can confuse readers.\n\n2. Be specific: Use specific language rather than vague or ambiguous words. This will help to reduce misunderstandings and make your message clear.\n\n3. Use active voice: In an active voice sentence, the subject is performing the action. This structure is more straightforward than using passive voice, and it is often more concise. For example, instead of saying, \"The ball was thrown by the boy,\" an active voice sentence would be, \"The boy threw the ball.\"", "all_data": "*****INSTRUCTION:***** Give three tips for writing clear and concise sentences.\n\n*****OUTPUT:***** 1. Keep it simple: Stick to one main idea per sentence, and limit each sentence to 15-20 words. Avoid using complex words or jargon that can confuse readers.\n\n2. Be specific: Use specific language rather than vague or ambiguous words. This will help to reduce misunderstandings and make your message clear.\n\n3. Use active voice: In an active voice sentence, the subject is performing the action. This structure is more straightforward than using passive voice, and it is often more concise. For example, instead of saying, \"The ball was thrown by the boy,\" an active voice sentence would be, \"The boy threw the ball.\"\n*****QUESTION:***** If there is an explanation: Does the explanation refer to commonsense concepts that are taken as given?", "index": 1143}, {"instruction": "Give three tips for writing clear and concise sentences.", "input": "", "output": "1. Keep it simple: Stick to one main idea per sentence, and limit each sentence to 15-20 words. Avoid using complex words or jargon that can confuse readers.\n\n2. Be specific: Use specific language rather than vague or ambiguous words. This will help to reduce misunderstandings and make your message clear.\n\n3. Use active voice: In an active voice sentence, the subject is performing the action. This structure is more straightforward than using passive voice, and it is often more concise. For example, instead of saying, \"The ball was thrown by the boy,\" an active voice sentence would be, \"The boy threw the ball.\"", "all_data": "*****INSTRUCTION:***** Give three tips for writing clear and concise sentences.\n\n*****OUTPUT:***** 1. Keep it simple: Stick to one main idea per sentence, and limit each sentence to 15-20 words. Avoid using complex words or jargon that can confuse readers.\n\n2. Be specific: Use specific language rather than vague or ambiguous words. This will help to reduce misunderstandings and make your message clear.\n\n3. Use active voice: In an active voice sentence, the subject is performing the action. This structure is more straightforward than using passive voice, and it is often more concise. For example, instead of saying, \"The ball was thrown by the boy,\" an active voice sentence would be, \"The boy threw the ball.\"\n*****QUESTION:***** If there is an explanation: Does the explanation list contributing factors?", "index": 1144}, {"instruction": "Give three tips for writing clear and concise sentences.", "input": "", "output": "1. Keep it simple: Stick to one main idea per sentence, and limit each sentence to 15-20 words. Avoid using complex words or jargon that can confuse readers.\n\n2. Be specific: Use specific language rather than vague or ambiguous words. This will help to reduce misunderstandings and make your message clear.\n\n3. Use active voice: In an active voice sentence, the subject is performing the action. This structure is more straightforward than using passive voice, and it is often more concise. For example, instead of saying, \"The ball was thrown by the boy,\" an active voice sentence would be, \"The boy threw the ball.\"", "all_data": "*****INSTRUCTION:***** Give three tips for writing clear and concise sentences.\n\n*****OUTPUT:***** 1. Keep it simple: Stick to one main idea per sentence, and limit each sentence to 15-20 words. Avoid using complex words or jargon that can confuse readers.\n\n2. Be specific: Use specific language rather than vague or ambiguous words. This will help to reduce misunderstandings and make your message clear.\n\n3. Use active voice: In an active voice sentence, the subject is performing the action. This structure is more straightforward than using passive voice, and it is often more concise. For example, instead of saying, \"The ball was thrown by the boy,\" an active voice sentence would be, \"The boy threw the ball.\"\n*****QUESTION:***** If there is an explanation: Does the explanation include subjective or biased criteria?", "index": 1145}, {"instruction": "Give three tips for writing clear and concise sentences.", "input": "", "output": "1. Keep it simple: Stick to one main idea per sentence, and limit each sentence to 15-20 words. Avoid using complex words or jargon that can confuse readers.\n\n2. Be specific: Use specific language rather than vague or ambiguous words. This will help to reduce misunderstandings and make your message clear.\n\n3. Use active voice: In an active voice sentence, the subject is performing the action. This structure is more straightforward than using passive voice, and it is often more concise. For example, instead of saying, \"The ball was thrown by the boy,\" an active voice sentence would be, \"The boy threw the ball.\"", "all_data": "*****INSTRUCTION:***** Give three tips for writing clear and concise sentences.\n\n*****OUTPUT:***** 1. Keep it simple: Stick to one main idea per sentence, and limit each sentence to 15-20 words. Avoid using complex words or jargon that can confuse readers.\n\n2. Be specific: Use specific language rather than vague or ambiguous words. This will help to reduce misunderstandings and make your message clear.\n\n3. Use active voice: In an active voice sentence, the subject is performing the action. This structure is more straightforward than using passive voice, and it is often more concise. For example, instead of saying, \"The ball was thrown by the boy,\" an active voice sentence would be, \"The boy threw the ball.\"\n*****QUESTION:***** If there is an explanation: Does the explanation include illustrative elements (e.g. examples)?", "index": 1146}, {"instruction": "Give three tips for writing clear and concise sentences.", "input": "", "output": "1. Keep it simple: Stick to one main idea per sentence, and limit each sentence to 15-20 words. Avoid using complex words or jargon that can confuse readers.\n\n2. Be specific: Use specific language rather than vague or ambiguous words. This will help to reduce misunderstandings and make your message clear.\n\n3. Use active voice: In an active voice sentence, the subject is performing the action. This structure is more straightforward than using passive voice, and it is often more concise. For example, instead of saying, \"The ball was thrown by the boy,\" an active voice sentence would be, \"The boy threw the ball.\"", "all_data": "*****INSTRUCTION:***** Give three tips for writing clear and concise sentences.\n\n*****OUTPUT:***** 1. Keep it simple: Stick to one main idea per sentence, and limit each sentence to 15-20 words. Avoid using complex words or jargon that can confuse readers.\n\n2. Be specific: Use specific language rather than vague or ambiguous words. This will help to reduce misunderstandings and make your message clear.\n\n3. Use active voice: In an active voice sentence, the subject is performing the action. This structure is more straightforward than using passive voice, and it is often more concise. For example, instead of saying, \"The ball was thrown by the boy,\" an active voice sentence would be, \"The boy threw the ball.\"\n*****QUESTION:***** If there is an explanation: Is the explanation misleading (e.g. arguing for a label that is wrong)?", "index": 1147}, {"instruction": "Identify three benefits of working from home.", "input": "", "output": "1. Flexibility and better work-life balance : One of the biggest benefits of working from home is the increased flexibility it provides in arranging the work around the personal life. This can lead to better work-life balance, as you have more control over your schedule and can more easily attend to personal responsibilities, such as caring for children or elderly relatives, or pursuing hobbies and interests.\n\n2. Increased productivity and focus: Without the distractions of a busy office environment, many people find that they can be more focused and productive when working from home. There's no office chatter or impromptu meetings to disrupt your work flow, and you can create a workspace that's tailored to your needs and preferences. This can lead to increased job satisfaction and improved performance.\n\n3. Cost savings: Working from home can also save you money, both in terms of commuting costs and other incidental expenses such as buying lunch or professional attire. You may also be able to claim a portion of your home office expenses as a tax deduction, further reducing your costs. These savings can add up over time and make a significant difference in your financial situation.", "all_data": "*****INSTRUCTION:***** Identify three benefits of working from home.\n\n*****OUTPUT:***** 1. Flexibility and better work-life balance : One of the biggest benefits of working from home is the increased flexibility it provides in arranging the work around the personal life. This can lead to better work-life balance, as you have more control over your schedule and can more easily attend to personal responsibilities, such as caring for children or elderly relatives, or pursuing hobbies and interests.\n\n2. Increased productivity and focus: Without the distractions of a busy office environment, many people find that they can be more focused and productive when working from home. There's no office chatter or impromptu meetings to disrupt your work flow, and you can create a workspace that's tailored to your needs and preferences. This can lead to increased job satisfaction and improved performance.\n\n3. Cost savings: Working from home can also save you money, both in terms of commuting costs and other incidental expenses such as buying lunch or professional attire. You may also be able to claim a portion of your home office expenses as a tax deduction, further reducing your costs. These savings can add up over time and make a significant difference in your financial situation.\n*****QUESTION:***** Does the output contain an explanation for the prediction?", "index": 1148}, {"instruction": "Identify three benefits of working from home.", "input": "", "output": "1. Flexibility and better work-life balance : One of the biggest benefits of working from home is the increased flexibility it provides in arranging the work around the personal life. This can lead to better work-life balance, as you have more control over your schedule and can more easily attend to personal responsibilities, such as caring for children or elderly relatives, or pursuing hobbies and interests.\n\n2. Increased productivity and focus: Without the distractions of a busy office environment, many people find that they can be more focused and productive when working from home. There's no office chatter or impromptu meetings to disrupt your work flow, and you can create a workspace that's tailored to your needs and preferences. This can lead to increased job satisfaction and improved performance.\n\n3. Cost savings: Working from home can also save you money, both in terms of commuting costs and other incidental expenses such as buying lunch or professional attire. You may also be able to claim a portion of your home office expenses as a tax deduction, further reducing your costs. These savings can add up over time and make a significant difference in your financial situation.", "all_data": "*****INSTRUCTION:***** Identify three benefits of working from home.\n\n*****OUTPUT:***** 1. Flexibility and better work-life balance : One of the biggest benefits of working from home is the increased flexibility it provides in arranging the work around the personal life. This can lead to better work-life balance, as you have more control over your schedule and can more easily attend to personal responsibilities, such as caring for children or elderly relatives, or pursuing hobbies and interests.\n\n2. Increased productivity and focus: Without the distractions of a busy office environment, many people find that they can be more focused and productive when working from home. There's no office chatter or impromptu meetings to disrupt your work flow, and you can create a workspace that's tailored to your needs and preferences. This can lead to increased job satisfaction and improved performance.\n\n3. Cost savings: Working from home can also save you money, both in terms of commuting costs and other incidental expenses such as buying lunch or professional attire. You may also be able to claim a portion of your home office expenses as a tax deduction, further reducing your costs. These savings can add up over time and make a significant difference in your financial situation.\n*****QUESTION:***** Would you give an explanation/justify your reasoning if you were asked this question by a friend?", "index": 1149}, {"instruction": "Identify three benefits of working from home.", "input": "", "output": "1. Flexibility and better work-life balance : One of the biggest benefits of working from home is the increased flexibility it provides in arranging the work around the personal life. This can lead to better work-life balance, as you have more control over your schedule and can more easily attend to personal responsibilities, such as caring for children or elderly relatives, or pursuing hobbies and interests.\n\n2. Increased productivity and focus: Without the distractions of a busy office environment, many people find that they can be more focused and productive when working from home. There's no office chatter or impromptu meetings to disrupt your work flow, and you can create a workspace that's tailored to your needs and preferences. This can lead to increased job satisfaction and improved performance.\n\n3. Cost savings: Working from home can also save you money, both in terms of commuting costs and other incidental expenses such as buying lunch or professional attire. You may also be able to claim a portion of your home office expenses as a tax deduction, further reducing your costs. These savings can add up over time and make a significant difference in your financial situation.", "all_data": "*****INSTRUCTION:***** Identify three benefits of working from home.\n\n*****OUTPUT:***** 1. Flexibility and better work-life balance : One of the biggest benefits of working from home is the increased flexibility it provides in arranging the work around the personal life. This can lead to better work-life balance, as you have more control over your schedule and can more easily attend to personal responsibilities, such as caring for children or elderly relatives, or pursuing hobbies and interests.\n\n2. Increased productivity and focus: Without the distractions of a busy office environment, many people find that they can be more focused and productive when working from home. There's no office chatter or impromptu meetings to disrupt your work flow, and you can create a workspace that's tailored to your needs and preferences. This can lead to increased job satisfaction and improved performance.\n\n3. Cost savings: Working from home can also save you money, both in terms of commuting costs and other incidental expenses such as buying lunch or professional attire. You may also be able to claim a portion of your home office expenses as a tax deduction, further reducing your costs. These savings can add up over time and make a significant difference in your financial situation.\n*****QUESTION:***** If there is an explanation: Does the explanation refer to commonsense concepts that are taken as given?", "index": 1150}, {"instruction": "Identify three benefits of working from home.", "input": "", "output": "1. Flexibility and better work-life balance : One of the biggest benefits of working from home is the increased flexibility it provides in arranging the work around the personal life. This can lead to better work-life balance, as you have more control over your schedule and can more easily attend to personal responsibilities, such as caring for children or elderly relatives, or pursuing hobbies and interests.\n\n2. Increased productivity and focus: Without the distractions of a busy office environment, many people find that they can be more focused and productive when working from home. There's no office chatter or impromptu meetings to disrupt your work flow, and you can create a workspace that's tailored to your needs and preferences. This can lead to increased job satisfaction and improved performance.\n\n3. Cost savings: Working from home can also save you money, both in terms of commuting costs and other incidental expenses such as buying lunch or professional attire. You may also be able to claim a portion of your home office expenses as a tax deduction, further reducing your costs. These savings can add up over time and make a significant difference in your financial situation.", "all_data": "*****INSTRUCTION:***** Identify three benefits of working from home.\n\n*****OUTPUT:***** 1. Flexibility and better work-life balance : One of the biggest benefits of working from home is the increased flexibility it provides in arranging the work around the personal life. This can lead to better work-life balance, as you have more control over your schedule and can more easily attend to personal responsibilities, such as caring for children or elderly relatives, or pursuing hobbies and interests.\n\n2. Increased productivity and focus: Without the distractions of a busy office environment, many people find that they can be more focused and productive when working from home. There's no office chatter or impromptu meetings to disrupt your work flow, and you can create a workspace that's tailored to your needs and preferences. This can lead to increased job satisfaction and improved performance.\n\n3. Cost savings: Working from home can also save you money, both in terms of commuting costs and other incidental expenses such as buying lunch or professional attire. You may also be able to claim a portion of your home office expenses as a tax deduction, further reducing your costs. These savings can add up over time and make a significant difference in your financial situation.\n*****QUESTION:***** If there is an explanation: Does the explanation list contributing factors?", "index": 1151}, {"instruction": "Identify three benefits of working from home.", "input": "", "output": "1. Flexibility and better work-life balance : One of the biggest benefits of working from home is the increased flexibility it provides in arranging the work around the personal life. This can lead to better work-life balance, as you have more control over your schedule and can more easily attend to personal responsibilities, such as caring for children or elderly relatives, or pursuing hobbies and interests.\n\n2. Increased productivity and focus: Without the distractions of a busy office environment, many people find that they can be more focused and productive when working from home. There's no office chatter or impromptu meetings to disrupt your work flow, and you can create a workspace that's tailored to your needs and preferences. This can lead to increased job satisfaction and improved performance.\n\n3. Cost savings: Working from home can also save you money, both in terms of commuting costs and other incidental expenses such as buying lunch or professional attire. You may also be able to claim a portion of your home office expenses as a tax deduction, further reducing your costs. These savings can add up over time and make a significant difference in your financial situation.", "all_data": "*****INSTRUCTION:***** Identify three benefits of working from home.\n\n*****OUTPUT:***** 1. Flexibility and better work-life balance : One of the biggest benefits of working from home is the increased flexibility it provides in arranging the work around the personal life. This can lead to better work-life balance, as you have more control over your schedule and can more easily attend to personal responsibilities, such as caring for children or elderly relatives, or pursuing hobbies and interests.\n\n2. Increased productivity and focus: Without the distractions of a busy office environment, many people find that they can be more focused and productive when working from home. There's no office chatter or impromptu meetings to disrupt your work flow, and you can create a workspace that's tailored to your needs and preferences. This can lead to increased job satisfaction and improved performance.\n\n3. Cost savings: Working from home can also save you money, both in terms of commuting costs and other incidental expenses such as buying lunch or professional attire. You may also be able to claim a portion of your home office expenses as a tax deduction, further reducing your costs. These savings can add up over time and make a significant difference in your financial situation.\n*****QUESTION:***** If there is an explanation: Does the explanation include subjective or biased criteria?", "index": 1152}, {"instruction": "Identify three benefits of working from home.", "input": "", "output": "1. Flexibility and better work-life balance : One of the biggest benefits of working from home is the increased flexibility it provides in arranging the work around the personal life. This can lead to better work-life balance, as you have more control over your schedule and can more easily attend to personal responsibilities, such as caring for children or elderly relatives, or pursuing hobbies and interests.\n\n2. Increased productivity and focus: Without the distractions of a busy office environment, many people find that they can be more focused and productive when working from home. There's no office chatter or impromptu meetings to disrupt your work flow, and you can create a workspace that's tailored to your needs and preferences. This can lead to increased job satisfaction and improved performance.\n\n3. Cost savings: Working from home can also save you money, both in terms of commuting costs and other incidental expenses such as buying lunch or professional attire. You may also be able to claim a portion of your home office expenses as a tax deduction, further reducing your costs. These savings can add up over time and make a significant difference in your financial situation.", "all_data": "*****INSTRUCTION:***** Identify three benefits of working from home.\n\n*****OUTPUT:***** 1. Flexibility and better work-life balance : One of the biggest benefits of working from home is the increased flexibility it provides in arranging the work around the personal life. This can lead to better work-life balance, as you have more control over your schedule and can more easily attend to personal responsibilities, such as caring for children or elderly relatives, or pursuing hobbies and interests.\n\n2. Increased productivity and focus: Without the distractions of a busy office environment, many people find that they can be more focused and productive when working from home. There's no office chatter or impromptu meetings to disrupt your work flow, and you can create a workspace that's tailored to your needs and preferences. This can lead to increased job satisfaction and improved performance.\n\n3. Cost savings: Working from home can also save you money, both in terms of commuting costs and other incidental expenses such as buying lunch or professional attire. You may also be able to claim a portion of your home office expenses as a tax deduction, further reducing your costs. These savings can add up over time and make a significant difference in your financial situation.\n*****QUESTION:***** If there is an explanation: Does the explanation include illustrative elements (e.g. examples)?", "index": 1153}, {"instruction": "Identify three benefits of working from home.", "input": "", "output": "1. Flexibility and better work-life balance : One of the biggest benefits of working from home is the increased flexibility it provides in arranging the work around the personal life. This can lead to better work-life balance, as you have more control over your schedule and can more easily attend to personal responsibilities, such as caring for children or elderly relatives, or pursuing hobbies and interests.\n\n2. Increased productivity and focus: Without the distractions of a busy office environment, many people find that they can be more focused and productive when working from home. There's no office chatter or impromptu meetings to disrupt your work flow, and you can create a workspace that's tailored to your needs and preferences. This can lead to increased job satisfaction and improved performance.\n\n3. Cost savings: Working from home can also save you money, both in terms of commuting costs and other incidental expenses such as buying lunch or professional attire. You may also be able to claim a portion of your home office expenses as a tax deduction, further reducing your costs. These savings can add up over time and make a significant difference in your financial situation.", "all_data": "*****INSTRUCTION:***** Identify three benefits of working from home.\n\n*****OUTPUT:***** 1. Flexibility and better work-life balance : One of the biggest benefits of working from home is the increased flexibility it provides in arranging the work around the personal life. This can lead to better work-life balance, as you have more control over your schedule and can more easily attend to personal responsibilities, such as caring for children or elderly relatives, or pursuing hobbies and interests.\n\n2. Increased productivity and focus: Without the distractions of a busy office environment, many people find that they can be more focused and productive when working from home. There's no office chatter or impromptu meetings to disrupt your work flow, and you can create a workspace that's tailored to your needs and preferences. This can lead to increased job satisfaction and improved performance.\n\n3. Cost savings: Working from home can also save you money, both in terms of commuting costs and other incidental expenses such as buying lunch or professional attire. You may also be able to claim a portion of your home office expenses as a tax deduction, further reducing your costs. These savings can add up over time and make a significant difference in your financial situation.\n*****QUESTION:***** If there is an explanation: Is the explanation misleading (e.g. arguing for a label that is wrong)?", "index": 1154}, {"instruction": "Create a program to predict stock prices.", "input": "", "output": "Here is a Python-based program to predict stock prices using the popular Machine Learning algorithm, Random Forest Regression. \n```python\n# Importing necessary libraries\nimport numpy as np\nimport pandas as pd\nimport matplotlib.pyplot as plt\nfrom sklearn.ensemble import RandomForestRegressor\nfrom sklearn.model_selection import train_test_split\nfrom sklearn.metrics import mean_squared_error\n\n# Reading the dataset containing the historical stock prices\ndata = pd.read_csv('stock_prices.csv')\ndata.head()\n\n# Selecting the relevant features for predicting the Stock Price\nfeatures = data[['Open', 'High', 'Low', 'Volume']]\ntarget = data['Close']\n\n# Splitting the data into Training and Test sets\nx_train, x_test, y_train, y_test = train_test_split(features, target, test_size=0.2, random_state=0)\n\n# Creating the Random Forest Regressor Model\nregressor = RandomForestRegressor(n_estimators=100, random_state=0)\n\n# Training the Random Forest Regressor Model\nregressor.fit(x_train, y_train)\n\n# Predicting the stock prices using the trained Random Forest Regressor Model\ny_pred = regressor.predict(x_test)\n\n# Calculating the Mean Squared Error to measure the performance of the Random Forest Model\nmse = mean_squared_error(y_test, y_pred)\nprint(f'Mean Squared Error: {mse}')\n```\nThis is a basic program to predict stock prices. You can modify and add to this program by incorporating more data, including additional features and trying out different Machine Learning algorithms to improve the prediction accuracy.", "all_data": "*****INSTRUCTION:***** Create a program to predict stock prices.\n\n*****OUTPUT:***** Here is a Python-based program to predict stock prices using the popular Machine Learning algorithm, Random Forest Regression. \n```python\n# Importing necessary libraries\nimport numpy as np\nimport pandas as pd\nimport matplotlib.pyplot as plt\nfrom sklearn.ensemble import RandomForestRegressor\nfrom sklearn.model_selection import train_test_split\nfrom sklearn.metrics import mean_squared_error\n\n# Reading the dataset containing the historical stock prices\ndata = pd.read_csv('stock_prices.csv')\ndata.head()\n\n# Selecting the relevant features for predicting the Stock Price\nfeatures = data[['Open', 'High', 'Low', 'Volume']]\ntarget = data['Close']\n\n# Splitting the data into Training and Test sets\nx_train, x_test, y_train, y_test = train_test_split(features, target, test_size=0.2, random_state=0)\n\n# Creating the Random Forest Regressor Model\nregressor = RandomForestRegressor(n_estimators=100, random_state=0)\n\n# Training the Random Forest Regressor Model\nregressor.fit(x_train, y_train)\n\n# Predicting the stock prices using the trained Random Forest Regressor Model\ny_pred = regressor.predict(x_test)\n\n# Calculating the Mean Squared Error to measure the performance of the Random Forest Model\nmse = mean_squared_error(y_test, y_pred)\nprint(f'Mean Squared Error: {mse}')\n```\nThis is a basic program to predict stock prices. You can modify and add to this program by incorporating more data, including additional features and trying out different Machine Learning algorithms to improve the prediction accuracy.\n*****QUESTION:***** Does the output contain an explanation for the prediction?", "index": 1155}, {"instruction": "Create a program to predict stock prices.", "input": "", "output": "Here is a Python-based program to predict stock prices using the popular Machine Learning algorithm, Random Forest Regression. \n```python\n# Importing necessary libraries\nimport numpy as np\nimport pandas as pd\nimport matplotlib.pyplot as plt\nfrom sklearn.ensemble import RandomForestRegressor\nfrom sklearn.model_selection import train_test_split\nfrom sklearn.metrics import mean_squared_error\n\n# Reading the dataset containing the historical stock prices\ndata = pd.read_csv('stock_prices.csv')\ndata.head()\n\n# Selecting the relevant features for predicting the Stock Price\nfeatures = data[['Open', 'High', 'Low', 'Volume']]\ntarget = data['Close']\n\n# Splitting the data into Training and Test sets\nx_train, x_test, y_train, y_test = train_test_split(features, target, test_size=0.2, random_state=0)\n\n# Creating the Random Forest Regressor Model\nregressor = RandomForestRegressor(n_estimators=100, random_state=0)\n\n# Training the Random Forest Regressor Model\nregressor.fit(x_train, y_train)\n\n# Predicting the stock prices using the trained Random Forest Regressor Model\ny_pred = regressor.predict(x_test)\n\n# Calculating the Mean Squared Error to measure the performance of the Random Forest Model\nmse = mean_squared_error(y_test, y_pred)\nprint(f'Mean Squared Error: {mse}')\n```\nThis is a basic program to predict stock prices. You can modify and add to this program by incorporating more data, including additional features and trying out different Machine Learning algorithms to improve the prediction accuracy.", "all_data": "*****INSTRUCTION:***** Create a program to predict stock prices.\n\n*****OUTPUT:***** Here is a Python-based program to predict stock prices using the popular Machine Learning algorithm, Random Forest Regression. \n```python\n# Importing necessary libraries\nimport numpy as np\nimport pandas as pd\nimport matplotlib.pyplot as plt\nfrom sklearn.ensemble import RandomForestRegressor\nfrom sklearn.model_selection import train_test_split\nfrom sklearn.metrics import mean_squared_error\n\n# Reading the dataset containing the historical stock prices\ndata = pd.read_csv('stock_prices.csv')\ndata.head()\n\n# Selecting the relevant features for predicting the Stock Price\nfeatures = data[['Open', 'High', 'Low', 'Volume']]\ntarget = data['Close']\n\n# Splitting the data into Training and Test sets\nx_train, x_test, y_train, y_test = train_test_split(features, target, test_size=0.2, random_state=0)\n\n# Creating the Random Forest Regressor Model\nregressor = RandomForestRegressor(n_estimators=100, random_state=0)\n\n# Training the Random Forest Regressor Model\nregressor.fit(x_train, y_train)\n\n# Predicting the stock prices using the trained Random Forest Regressor Model\ny_pred = regressor.predict(x_test)\n\n# Calculating the Mean Squared Error to measure the performance of the Random Forest Model\nmse = mean_squared_error(y_test, y_pred)\nprint(f'Mean Squared Error: {mse}')\n```\nThis is a basic program to predict stock prices. You can modify and add to this program by incorporating more data, including additional features and trying out different Machine Learning algorithms to improve the prediction accuracy.\n*****QUESTION:***** Would you give an explanation/justify your reasoning if you were asked this question by a friend?", "index": 1156}, {"instruction": "Create a program to predict stock prices.", "input": "", "output": "Here is a Python-based program to predict stock prices using the popular Machine Learning algorithm, Random Forest Regression. \n```python\n# Importing necessary libraries\nimport numpy as np\nimport pandas as pd\nimport matplotlib.pyplot as plt\nfrom sklearn.ensemble import RandomForestRegressor\nfrom sklearn.model_selection import train_test_split\nfrom sklearn.metrics import mean_squared_error\n\n# Reading the dataset containing the historical stock prices\ndata = pd.read_csv('stock_prices.csv')\ndata.head()\n\n# Selecting the relevant features for predicting the Stock Price\nfeatures = data[['Open', 'High', 'Low', 'Volume']]\ntarget = data['Close']\n\n# Splitting the data into Training and Test sets\nx_train, x_test, y_train, y_test = train_test_split(features, target, test_size=0.2, random_state=0)\n\n# Creating the Random Forest Regressor Model\nregressor = RandomForestRegressor(n_estimators=100, random_state=0)\n\n# Training the Random Forest Regressor Model\nregressor.fit(x_train, y_train)\n\n# Predicting the stock prices using the trained Random Forest Regressor Model\ny_pred = regressor.predict(x_test)\n\n# Calculating the Mean Squared Error to measure the performance of the Random Forest Model\nmse = mean_squared_error(y_test, y_pred)\nprint(f'Mean Squared Error: {mse}')\n```\nThis is a basic program to predict stock prices. You can modify and add to this program by incorporating more data, including additional features and trying out different Machine Learning algorithms to improve the prediction accuracy.", "all_data": "*****INSTRUCTION:***** Create a program to predict stock prices.\n\n*****OUTPUT:***** Here is a Python-based program to predict stock prices using the popular Machine Learning algorithm, Random Forest Regression. \n```python\n# Importing necessary libraries\nimport numpy as np\nimport pandas as pd\nimport matplotlib.pyplot as plt\nfrom sklearn.ensemble import RandomForestRegressor\nfrom sklearn.model_selection import train_test_split\nfrom sklearn.metrics import mean_squared_error\n\n# Reading the dataset containing the historical stock prices\ndata = pd.read_csv('stock_prices.csv')\ndata.head()\n\n# Selecting the relevant features for predicting the Stock Price\nfeatures = data[['Open', 'High', 'Low', 'Volume']]\ntarget = data['Close']\n\n# Splitting the data into Training and Test sets\nx_train, x_test, y_train, y_test = train_test_split(features, target, test_size=0.2, random_state=0)\n\n# Creating the Random Forest Regressor Model\nregressor = RandomForestRegressor(n_estimators=100, random_state=0)\n\n# Training the Random Forest Regressor Model\nregressor.fit(x_train, y_train)\n\n# Predicting the stock prices using the trained Random Forest Regressor Model\ny_pred = regressor.predict(x_test)\n\n# Calculating the Mean Squared Error to measure the performance of the Random Forest Model\nmse = mean_squared_error(y_test, y_pred)\nprint(f'Mean Squared Error: {mse}')\n```\nThis is a basic program to predict stock prices. You can modify and add to this program by incorporating more data, including additional features and trying out different Machine Learning algorithms to improve the prediction accuracy.\n*****QUESTION:***** If there is an explanation: Does the explanation refer to commonsense concepts that are taken as given?", "index": 1157}, {"instruction": "Create a program to predict stock prices.", "input": "", "output": "Here is a Python-based program to predict stock prices using the popular Machine Learning algorithm, Random Forest Regression. \n```python\n# Importing necessary libraries\nimport numpy as np\nimport pandas as pd\nimport matplotlib.pyplot as plt\nfrom sklearn.ensemble import RandomForestRegressor\nfrom sklearn.model_selection import train_test_split\nfrom sklearn.metrics import mean_squared_error\n\n# Reading the dataset containing the historical stock prices\ndata = pd.read_csv('stock_prices.csv')\ndata.head()\n\n# Selecting the relevant features for predicting the Stock Price\nfeatures = data[['Open', 'High', 'Low', 'Volume']]\ntarget = data['Close']\n\n# Splitting the data into Training and Test sets\nx_train, x_test, y_train, y_test = train_test_split(features, target, test_size=0.2, random_state=0)\n\n# Creating the Random Forest Regressor Model\nregressor = RandomForestRegressor(n_estimators=100, random_state=0)\n\n# Training the Random Forest Regressor Model\nregressor.fit(x_train, y_train)\n\n# Predicting the stock prices using the trained Random Forest Regressor Model\ny_pred = regressor.predict(x_test)\n\n# Calculating the Mean Squared Error to measure the performance of the Random Forest Model\nmse = mean_squared_error(y_test, y_pred)\nprint(f'Mean Squared Error: {mse}')\n```\nThis is a basic program to predict stock prices. You can modify and add to this program by incorporating more data, including additional features and trying out different Machine Learning algorithms to improve the prediction accuracy.", "all_data": "*****INSTRUCTION:***** Create a program to predict stock prices.\n\n*****OUTPUT:***** Here is a Python-based program to predict stock prices using the popular Machine Learning algorithm, Random Forest Regression. \n```python\n# Importing necessary libraries\nimport numpy as np\nimport pandas as pd\nimport matplotlib.pyplot as plt\nfrom sklearn.ensemble import RandomForestRegressor\nfrom sklearn.model_selection import train_test_split\nfrom sklearn.metrics import mean_squared_error\n\n# Reading the dataset containing the historical stock prices\ndata = pd.read_csv('stock_prices.csv')\ndata.head()\n\n# Selecting the relevant features for predicting the Stock Price\nfeatures = data[['Open', 'High', 'Low', 'Volume']]\ntarget = data['Close']\n\n# Splitting the data into Training and Test sets\nx_train, x_test, y_train, y_test = train_test_split(features, target, test_size=0.2, random_state=0)\n\n# Creating the Random Forest Regressor Model\nregressor = RandomForestRegressor(n_estimators=100, random_state=0)\n\n# Training the Random Forest Regressor Model\nregressor.fit(x_train, y_train)\n\n# Predicting the stock prices using the trained Random Forest Regressor Model\ny_pred = regressor.predict(x_test)\n\n# Calculating the Mean Squared Error to measure the performance of the Random Forest Model\nmse = mean_squared_error(y_test, y_pred)\nprint(f'Mean Squared Error: {mse}')\n```\nThis is a basic program to predict stock prices. You can modify and add to this program by incorporating more data, including additional features and trying out different Machine Learning algorithms to improve the prediction accuracy.\n*****QUESTION:***** If there is an explanation: Does the explanation list contributing factors?", "index": 1158}, {"instruction": "Create a program to predict stock prices.", "input": "", "output": "Here is a Python-based program to predict stock prices using the popular Machine Learning algorithm, Random Forest Regression. \n```python\n# Importing necessary libraries\nimport numpy as np\nimport pandas as pd\nimport matplotlib.pyplot as plt\nfrom sklearn.ensemble import RandomForestRegressor\nfrom sklearn.model_selection import train_test_split\nfrom sklearn.metrics import mean_squared_error\n\n# Reading the dataset containing the historical stock prices\ndata = pd.read_csv('stock_prices.csv')\ndata.head()\n\n# Selecting the relevant features for predicting the Stock Price\nfeatures = data[['Open', 'High', 'Low', 'Volume']]\ntarget = data['Close']\n\n# Splitting the data into Training and Test sets\nx_train, x_test, y_train, y_test = train_test_split(features, target, test_size=0.2, random_state=0)\n\n# Creating the Random Forest Regressor Model\nregressor = RandomForestRegressor(n_estimators=100, random_state=0)\n\n# Training the Random Forest Regressor Model\nregressor.fit(x_train, y_train)\n\n# Predicting the stock prices using the trained Random Forest Regressor Model\ny_pred = regressor.predict(x_test)\n\n# Calculating the Mean Squared Error to measure the performance of the Random Forest Model\nmse = mean_squared_error(y_test, y_pred)\nprint(f'Mean Squared Error: {mse}')\n```\nThis is a basic program to predict stock prices. You can modify and add to this program by incorporating more data, including additional features and trying out different Machine Learning algorithms to improve the prediction accuracy.", "all_data": "*****INSTRUCTION:***** Create a program to predict stock prices.\n\n*****OUTPUT:***** Here is a Python-based program to predict stock prices using the popular Machine Learning algorithm, Random Forest Regression. \n```python\n# Importing necessary libraries\nimport numpy as np\nimport pandas as pd\nimport matplotlib.pyplot as plt\nfrom sklearn.ensemble import RandomForestRegressor\nfrom sklearn.model_selection import train_test_split\nfrom sklearn.metrics import mean_squared_error\n\n# Reading the dataset containing the historical stock prices\ndata = pd.read_csv('stock_prices.csv')\ndata.head()\n\n# Selecting the relevant features for predicting the Stock Price\nfeatures = data[['Open', 'High', 'Low', 'Volume']]\ntarget = data['Close']\n\n# Splitting the data into Training and Test sets\nx_train, x_test, y_train, y_test = train_test_split(features, target, test_size=0.2, random_state=0)\n\n# Creating the Random Forest Regressor Model\nregressor = RandomForestRegressor(n_estimators=100, random_state=0)\n\n# Training the Random Forest Regressor Model\nregressor.fit(x_train, y_train)\n\n# Predicting the stock prices using the trained Random Forest Regressor Model\ny_pred = regressor.predict(x_test)\n\n# Calculating the Mean Squared Error to measure the performance of the Random Forest Model\nmse = mean_squared_error(y_test, y_pred)\nprint(f'Mean Squared Error: {mse}')\n```\nThis is a basic program to predict stock prices. You can modify and add to this program by incorporating more data, including additional features and trying out different Machine Learning algorithms to improve the prediction accuracy.\n*****QUESTION:***** If there is an explanation: Does the explanation include subjective or biased criteria?", "index": 1159}, {"instruction": "Create a program to predict stock prices.", "input": "", "output": "Here is a Python-based program to predict stock prices using the popular Machine Learning algorithm, Random Forest Regression. \n```python\n# Importing necessary libraries\nimport numpy as np\nimport pandas as pd\nimport matplotlib.pyplot as plt\nfrom sklearn.ensemble import RandomForestRegressor\nfrom sklearn.model_selection import train_test_split\nfrom sklearn.metrics import mean_squared_error\n\n# Reading the dataset containing the historical stock prices\ndata = pd.read_csv('stock_prices.csv')\ndata.head()\n\n# Selecting the relevant features for predicting the Stock Price\nfeatures = data[['Open', 'High', 'Low', 'Volume']]\ntarget = data['Close']\n\n# Splitting the data into Training and Test sets\nx_train, x_test, y_train, y_test = train_test_split(features, target, test_size=0.2, random_state=0)\n\n# Creating the Random Forest Regressor Model\nregressor = RandomForestRegressor(n_estimators=100, random_state=0)\n\n# Training the Random Forest Regressor Model\nregressor.fit(x_train, y_train)\n\n# Predicting the stock prices using the trained Random Forest Regressor Model\ny_pred = regressor.predict(x_test)\n\n# Calculating the Mean Squared Error to measure the performance of the Random Forest Model\nmse = mean_squared_error(y_test, y_pred)\nprint(f'Mean Squared Error: {mse}')\n```\nThis is a basic program to predict stock prices. You can modify and add to this program by incorporating more data, including additional features and trying out different Machine Learning algorithms to improve the prediction accuracy.", "all_data": "*****INSTRUCTION:***** Create a program to predict stock prices.\n\n*****OUTPUT:***** Here is a Python-based program to predict stock prices using the popular Machine Learning algorithm, Random Forest Regression. \n```python\n# Importing necessary libraries\nimport numpy as np\nimport pandas as pd\nimport matplotlib.pyplot as plt\nfrom sklearn.ensemble import RandomForestRegressor\nfrom sklearn.model_selection import train_test_split\nfrom sklearn.metrics import mean_squared_error\n\n# Reading the dataset containing the historical stock prices\ndata = pd.read_csv('stock_prices.csv')\ndata.head()\n\n# Selecting the relevant features for predicting the Stock Price\nfeatures = data[['Open', 'High', 'Low', 'Volume']]\ntarget = data['Close']\n\n# Splitting the data into Training and Test sets\nx_train, x_test, y_train, y_test = train_test_split(features, target, test_size=0.2, random_state=0)\n\n# Creating the Random Forest Regressor Model\nregressor = RandomForestRegressor(n_estimators=100, random_state=0)\n\n# Training the Random Forest Regressor Model\nregressor.fit(x_train, y_train)\n\n# Predicting the stock prices using the trained Random Forest Regressor Model\ny_pred = regressor.predict(x_test)\n\n# Calculating the Mean Squared Error to measure the performance of the Random Forest Model\nmse = mean_squared_error(y_test, y_pred)\nprint(f'Mean Squared Error: {mse}')\n```\nThis is a basic program to predict stock prices. You can modify and add to this program by incorporating more data, including additional features and trying out different Machine Learning algorithms to improve the prediction accuracy.\n*****QUESTION:***** If there is an explanation: Does the explanation include illustrative elements (e.g. examples)?", "index": 1160}, {"instruction": "Create a program to predict stock prices.", "input": "", "output": "Here is a Python-based program to predict stock prices using the popular Machine Learning algorithm, Random Forest Regression. \n```python\n# Importing necessary libraries\nimport numpy as np\nimport pandas as pd\nimport matplotlib.pyplot as plt\nfrom sklearn.ensemble import RandomForestRegressor\nfrom sklearn.model_selection import train_test_split\nfrom sklearn.metrics import mean_squared_error\n\n# Reading the dataset containing the historical stock prices\ndata = pd.read_csv('stock_prices.csv')\ndata.head()\n\n# Selecting the relevant features for predicting the Stock Price\nfeatures = data[['Open', 'High', 'Low', 'Volume']]\ntarget = data['Close']\n\n# Splitting the data into Training and Test sets\nx_train, x_test, y_train, y_test = train_test_split(features, target, test_size=0.2, random_state=0)\n\n# Creating the Random Forest Regressor Model\nregressor = RandomForestRegressor(n_estimators=100, random_state=0)\n\n# Training the Random Forest Regressor Model\nregressor.fit(x_train, y_train)\n\n# Predicting the stock prices using the trained Random Forest Regressor Model\ny_pred = regressor.predict(x_test)\n\n# Calculating the Mean Squared Error to measure the performance of the Random Forest Model\nmse = mean_squared_error(y_test, y_pred)\nprint(f'Mean Squared Error: {mse}')\n```\nThis is a basic program to predict stock prices. You can modify and add to this program by incorporating more data, including additional features and trying out different Machine Learning algorithms to improve the prediction accuracy.", "all_data": "*****INSTRUCTION:***** Create a program to predict stock prices.\n\n*****OUTPUT:***** Here is a Python-based program to predict stock prices using the popular Machine Learning algorithm, Random Forest Regression. \n```python\n# Importing necessary libraries\nimport numpy as np\nimport pandas as pd\nimport matplotlib.pyplot as plt\nfrom sklearn.ensemble import RandomForestRegressor\nfrom sklearn.model_selection import train_test_split\nfrom sklearn.metrics import mean_squared_error\n\n# Reading the dataset containing the historical stock prices\ndata = pd.read_csv('stock_prices.csv')\ndata.head()\n\n# Selecting the relevant features for predicting the Stock Price\nfeatures = data[['Open', 'High', 'Low', 'Volume']]\ntarget = data['Close']\n\n# Splitting the data into Training and Test sets\nx_train, x_test, y_train, y_test = train_test_split(features, target, test_size=0.2, random_state=0)\n\n# Creating the Random Forest Regressor Model\nregressor = RandomForestRegressor(n_estimators=100, random_state=0)\n\n# Training the Random Forest Regressor Model\nregressor.fit(x_train, y_train)\n\n# Predicting the stock prices using the trained Random Forest Regressor Model\ny_pred = regressor.predict(x_test)\n\n# Calculating the Mean Squared Error to measure the performance of the Random Forest Model\nmse = mean_squared_error(y_test, y_pred)\nprint(f'Mean Squared Error: {mse}')\n```\nThis is a basic program to predict stock prices. You can modify and add to this program by incorporating more data, including additional features and trying out different Machine Learning algorithms to improve the prediction accuracy.\n*****QUESTION:***** If there is an explanation: Is the explanation misleading (e.g. arguing for a label that is wrong)?", "index": 1161}, {"instruction": "Give the result of the following multiplication.", "input": "25 x 8", "output": "200", "all_data": "*****INSTRUCTION:***** Give the result of the following multiplication.\n25 x 8\n*****OUTPUT:***** 200\n*****QUESTION:***** Does the output contain an explanation for the prediction?", "index": 1162}, {"instruction": "Give the result of the following multiplication.", "input": "25 x 8", "output": "200", "all_data": "*****INSTRUCTION:***** Give the result of the following multiplication.\n25 x 8\n*****OUTPUT:***** 200\n*****QUESTION:***** Would you give an explanation/justify your reasoning if you were asked this question by a friend?", "index": 1163}, {"instruction": "Give the result of the following multiplication.", "input": "25 x 8", "output": "200", "all_data": "*****INSTRUCTION:***** Give the result of the following multiplication.\n25 x 8\n*****OUTPUT:***** 200\n*****QUESTION:***** If there is an explanation: Does the explanation refer to commonsense concepts that are taken as given?", "index": 1164}, {"instruction": "Give the result of the following multiplication.", "input": "25 x 8", "output": "200", "all_data": "*****INSTRUCTION:***** Give the result of the following multiplication.\n25 x 8\n*****OUTPUT:***** 200\n*****QUESTION:***** If there is an explanation: Does the explanation list contributing factors?", "index": 1165}, {"instruction": "Give the result of the following multiplication.", "input": "25 x 8", "output": "200", "all_data": "*****INSTRUCTION:***** Give the result of the following multiplication.\n25 x 8\n*****OUTPUT:***** 200\n*****QUESTION:***** If there is an explanation: Does the explanation include subjective or biased criteria?", "index": 1166}, {"instruction": "Give the result of the following multiplication.", "input": "25 x 8", "output": "200", "all_data": "*****INSTRUCTION:***** Give the result of the following multiplication.\n25 x 8\n*****OUTPUT:***** 200\n*****QUESTION:***** If there is an explanation: Does the explanation include illustrative elements (e.g. examples)?", "index": 1167}, {"instruction": "Give the result of the following multiplication.", "input": "25 x 8", "output": "200", "all_data": "*****INSTRUCTION:***** Give the result of the following multiplication.\n25 x 8\n*****OUTPUT:***** 200\n*****QUESTION:***** If there is an explanation: Is the explanation misleading (e.g. arguing for a label that is wrong)?", "index": 1168}, {"instruction": "Tell me one disadvantage of using technology in a classroom setting.", "input": "", "output": "While technology has revolutionized education and offers numerous benefits for enhanced learning, it does come with its drawbacks. One major disadvantage of using technology in a classroom setting is the potential for distraction. With the vast amount of information and entertainment readily available on the internet, it can be challenging for students to stay focused on lessons and assignments. Personal devices such as smartphones and tablets, if not used for educational purposes, can also serve as distractions and disrupt the learning process as students surf the web, check social media or play games instead of paying attention to the teacher. Thus, classroom management becomes a priority for educators when incorporating technology into the learning environment.", "all_data": "*****INSTRUCTION:***** Tell me one disadvantage of using technology in a classroom setting.\n\n*****OUTPUT:***** While technology has revolutionized education and offers numerous benefits for enhanced learning, it does come with its drawbacks. One major disadvantage of using technology in a classroom setting is the potential for distraction. With the vast amount of information and entertainment readily available on the internet, it can be challenging for students to stay focused on lessons and assignments. Personal devices such as smartphones and tablets, if not used for educational purposes, can also serve as distractions and disrupt the learning process as students surf the web, check social media or play games instead of paying attention to the teacher. Thus, classroom management becomes a priority for educators when incorporating technology into the learning environment.\n*****QUESTION:***** Does the output contain an explanation for the prediction?", "index": 1169}, {"instruction": "Tell me one disadvantage of using technology in a classroom setting.", "input": "", "output": "While technology has revolutionized education and offers numerous benefits for enhanced learning, it does come with its drawbacks. One major disadvantage of using technology in a classroom setting is the potential for distraction. With the vast amount of information and entertainment readily available on the internet, it can be challenging for students to stay focused on lessons and assignments. Personal devices such as smartphones and tablets, if not used for educational purposes, can also serve as distractions and disrupt the learning process as students surf the web, check social media or play games instead of paying attention to the teacher. Thus, classroom management becomes a priority for educators when incorporating technology into the learning environment.", "all_data": "*****INSTRUCTION:***** Tell me one disadvantage of using technology in a classroom setting.\n\n*****OUTPUT:***** While technology has revolutionized education and offers numerous benefits for enhanced learning, it does come with its drawbacks. One major disadvantage of using technology in a classroom setting is the potential for distraction. With the vast amount of information and entertainment readily available on the internet, it can be challenging for students to stay focused on lessons and assignments. Personal devices such as smartphones and tablets, if not used for educational purposes, can also serve as distractions and disrupt the learning process as students surf the web, check social media or play games instead of paying attention to the teacher. Thus, classroom management becomes a priority for educators when incorporating technology into the learning environment.\n*****QUESTION:***** Would you give an explanation/justify your reasoning if you were asked this question by a friend?", "index": 1170}, {"instruction": "Tell me one disadvantage of using technology in a classroom setting.", "input": "", "output": "While technology has revolutionized education and offers numerous benefits for enhanced learning, it does come with its drawbacks. One major disadvantage of using technology in a classroom setting is the potential for distraction. With the vast amount of information and entertainment readily available on the internet, it can be challenging for students to stay focused on lessons and assignments. Personal devices such as smartphones and tablets, if not used for educational purposes, can also serve as distractions and disrupt the learning process as students surf the web, check social media or play games instead of paying attention to the teacher. Thus, classroom management becomes a priority for educators when incorporating technology into the learning environment.", "all_data": "*****INSTRUCTION:***** Tell me one disadvantage of using technology in a classroom setting.\n\n*****OUTPUT:***** While technology has revolutionized education and offers numerous benefits for enhanced learning, it does come with its drawbacks. One major disadvantage of using technology in a classroom setting is the potential for distraction. With the vast amount of information and entertainment readily available on the internet, it can be challenging for students to stay focused on lessons and assignments. Personal devices such as smartphones and tablets, if not used for educational purposes, can also serve as distractions and disrupt the learning process as students surf the web, check social media or play games instead of paying attention to the teacher. Thus, classroom management becomes a priority for educators when incorporating technology into the learning environment.\n*****QUESTION:***** If there is an explanation: Does the explanation refer to commonsense concepts that are taken as given?", "index": 1171}, {"instruction": "Tell me one disadvantage of using technology in a classroom setting.", "input": "", "output": "While technology has revolutionized education and offers numerous benefits for enhanced learning, it does come with its drawbacks. One major disadvantage of using technology in a classroom setting is the potential for distraction. With the vast amount of information and entertainment readily available on the internet, it can be challenging for students to stay focused on lessons and assignments. Personal devices such as smartphones and tablets, if not used for educational purposes, can also serve as distractions and disrupt the learning process as students surf the web, check social media or play games instead of paying attention to the teacher. Thus, classroom management becomes a priority for educators when incorporating technology into the learning environment.", "all_data": "*****INSTRUCTION:***** Tell me one disadvantage of using technology in a classroom setting.\n\n*****OUTPUT:***** While technology has revolutionized education and offers numerous benefits for enhanced learning, it does come with its drawbacks. One major disadvantage of using technology in a classroom setting is the potential for distraction. With the vast amount of information and entertainment readily available on the internet, it can be challenging for students to stay focused on lessons and assignments. Personal devices such as smartphones and tablets, if not used for educational purposes, can also serve as distractions and disrupt the learning process as students surf the web, check social media or play games instead of paying attention to the teacher. Thus, classroom management becomes a priority for educators when incorporating technology into the learning environment.\n*****QUESTION:***** If there is an explanation: Does the explanation list contributing factors?", "index": 1172}, {"instruction": "Tell me one disadvantage of using technology in a classroom setting.", "input": "", "output": "While technology has revolutionized education and offers numerous benefits for enhanced learning, it does come with its drawbacks. One major disadvantage of using technology in a classroom setting is the potential for distraction. With the vast amount of information and entertainment readily available on the internet, it can be challenging for students to stay focused on lessons and assignments. Personal devices such as smartphones and tablets, if not used for educational purposes, can also serve as distractions and disrupt the learning process as students surf the web, check social media or play games instead of paying attention to the teacher. Thus, classroom management becomes a priority for educators when incorporating technology into the learning environment.", "all_data": "*****INSTRUCTION:***** Tell me one disadvantage of using technology in a classroom setting.\n\n*****OUTPUT:***** While technology has revolutionized education and offers numerous benefits for enhanced learning, it does come with its drawbacks. One major disadvantage of using technology in a classroom setting is the potential for distraction. With the vast amount of information and entertainment readily available on the internet, it can be challenging for students to stay focused on lessons and assignments. Personal devices such as smartphones and tablets, if not used for educational purposes, can also serve as distractions and disrupt the learning process as students surf the web, check social media or play games instead of paying attention to the teacher. Thus, classroom management becomes a priority for educators when incorporating technology into the learning environment.\n*****QUESTION:***** If there is an explanation: Does the explanation include subjective or biased criteria?", "index": 1173}, {"instruction": "Tell me one disadvantage of using technology in a classroom setting.", "input": "", "output": "While technology has revolutionized education and offers numerous benefits for enhanced learning, it does come with its drawbacks. One major disadvantage of using technology in a classroom setting is the potential for distraction. With the vast amount of information and entertainment readily available on the internet, it can be challenging for students to stay focused on lessons and assignments. Personal devices such as smartphones and tablets, if not used for educational purposes, can also serve as distractions and disrupt the learning process as students surf the web, check social media or play games instead of paying attention to the teacher. Thus, classroom management becomes a priority for educators when incorporating technology into the learning environment.", "all_data": "*****INSTRUCTION:***** Tell me one disadvantage of using technology in a classroom setting.\n\n*****OUTPUT:***** While technology has revolutionized education and offers numerous benefits for enhanced learning, it does come with its drawbacks. One major disadvantage of using technology in a classroom setting is the potential for distraction. With the vast amount of information and entertainment readily available on the internet, it can be challenging for students to stay focused on lessons and assignments. Personal devices such as smartphones and tablets, if not used for educational purposes, can also serve as distractions and disrupt the learning process as students surf the web, check social media or play games instead of paying attention to the teacher. Thus, classroom management becomes a priority for educators when incorporating technology into the learning environment.\n*****QUESTION:***** If there is an explanation: Does the explanation include illustrative elements (e.g. examples)?", "index": 1174}, {"instruction": "Tell me one disadvantage of using technology in a classroom setting.", "input": "", "output": "While technology has revolutionized education and offers numerous benefits for enhanced learning, it does come with its drawbacks. One major disadvantage of using technology in a classroom setting is the potential for distraction. With the vast amount of information and entertainment readily available on the internet, it can be challenging for students to stay focused on lessons and assignments. Personal devices such as smartphones and tablets, if not used for educational purposes, can also serve as distractions and disrupt the learning process as students surf the web, check social media or play games instead of paying attention to the teacher. Thus, classroom management becomes a priority for educators when incorporating technology into the learning environment.", "all_data": "*****INSTRUCTION:***** Tell me one disadvantage of using technology in a classroom setting.\n\n*****OUTPUT:***** While technology has revolutionized education and offers numerous benefits for enhanced learning, it does come with its drawbacks. One major disadvantage of using technology in a classroom setting is the potential for distraction. With the vast amount of information and entertainment readily available on the internet, it can be challenging for students to stay focused on lessons and assignments. Personal devices such as smartphones and tablets, if not used for educational purposes, can also serve as distractions and disrupt the learning process as students surf the web, check social media or play games instead of paying attention to the teacher. Thus, classroom management becomes a priority for educators when incorporating technology into the learning environment.\n*****QUESTION:***** If there is an explanation: Is the explanation misleading (e.g. arguing for a label that is wrong)?", "index": 1175}, {"instruction": "Identify and describe three important features of a project planning tool.", "input": "", "output": "1. Task Management and Scheduling: One of the key features of a project planning tool is its ability to help users manage and schedule tasks. This includes the ability to create and assign tasks to team members, set due dates, and track progress. Effective task management and scheduling helps to ensure that all project milestones are met on time.\n\n2. Collaboration and Communication: Another important feature is the ability for team members to collaborate and communicate within the tool. This can include features such as chat or messaging systems, comments on tasks, and shared documents. Good collaboration and communication ensures that everyone is on the same page and working towards the same goals.\n\n3. Resource allocation and budgeting: Project planning tools also help with resource allocation and budgeting. This involves assigning resources to tasks, tracking time and expenses, and monitoring the overall budget of the project. This helps to ensure that resources are utilized effectively and the project stays within budget.", "all_data": "*****INSTRUCTION:***** Identify and describe three important features of a project planning tool.\n\n*****OUTPUT:***** 1. Task Management and Scheduling: One of the key features of a project planning tool is its ability to help users manage and schedule tasks. This includes the ability to create and assign tasks to team members, set due dates, and track progress. Effective task management and scheduling helps to ensure that all project milestones are met on time.\n\n2. Collaboration and Communication: Another important feature is the ability for team members to collaborate and communicate within the tool. This can include features such as chat or messaging systems, comments on tasks, and shared documents. Good collaboration and communication ensures that everyone is on the same page and working towards the same goals.\n\n3. Resource allocation and budgeting: Project planning tools also help with resource allocation and budgeting. This involves assigning resources to tasks, tracking time and expenses, and monitoring the overall budget of the project. This helps to ensure that resources are utilized effectively and the project stays within budget.\n*****QUESTION:***** Does the output contain an explanation for the prediction?", "index": 1176}, {"instruction": "Identify and describe three important features of a project planning tool.", "input": "", "output": "1. Task Management and Scheduling: One of the key features of a project planning tool is its ability to help users manage and schedule tasks. This includes the ability to create and assign tasks to team members, set due dates, and track progress. Effective task management and scheduling helps to ensure that all project milestones are met on time.\n\n2. Collaboration and Communication: Another important feature is the ability for team members to collaborate and communicate within the tool. This can include features such as chat or messaging systems, comments on tasks, and shared documents. Good collaboration and communication ensures that everyone is on the same page and working towards the same goals.\n\n3. Resource allocation and budgeting: Project planning tools also help with resource allocation and budgeting. This involves assigning resources to tasks, tracking time and expenses, and monitoring the overall budget of the project. This helps to ensure that resources are utilized effectively and the project stays within budget.", "all_data": "*****INSTRUCTION:***** Identify and describe three important features of a project planning tool.\n\n*****OUTPUT:***** 1. Task Management and Scheduling: One of the key features of a project planning tool is its ability to help users manage and schedule tasks. This includes the ability to create and assign tasks to team members, set due dates, and track progress. Effective task management and scheduling helps to ensure that all project milestones are met on time.\n\n2. Collaboration and Communication: Another important feature is the ability for team members to collaborate and communicate within the tool. This can include features such as chat or messaging systems, comments on tasks, and shared documents. Good collaboration and communication ensures that everyone is on the same page and working towards the same goals.\n\n3. Resource allocation and budgeting: Project planning tools also help with resource allocation and budgeting. This involves assigning resources to tasks, tracking time and expenses, and monitoring the overall budget of the project. This helps to ensure that resources are utilized effectively and the project stays within budget.\n*****QUESTION:***** Would you give an explanation/justify your reasoning if you were asked this question by a friend?", "index": 1177}, {"instruction": "Identify and describe three important features of a project planning tool.", "input": "", "output": "1. Task Management and Scheduling: One of the key features of a project planning tool is its ability to help users manage and schedule tasks. This includes the ability to create and assign tasks to team members, set due dates, and track progress. Effective task management and scheduling helps to ensure that all project milestones are met on time.\n\n2. Collaboration and Communication: Another important feature is the ability for team members to collaborate and communicate within the tool. This can include features such as chat or messaging systems, comments on tasks, and shared documents. Good collaboration and communication ensures that everyone is on the same page and working towards the same goals.\n\n3. Resource allocation and budgeting: Project planning tools also help with resource allocation and budgeting. This involves assigning resources to tasks, tracking time and expenses, and monitoring the overall budget of the project. This helps to ensure that resources are utilized effectively and the project stays within budget.", "all_data": "*****INSTRUCTION:***** Identify and describe three important features of a project planning tool.\n\n*****OUTPUT:***** 1. Task Management and Scheduling: One of the key features of a project planning tool is its ability to help users manage and schedule tasks. This includes the ability to create and assign tasks to team members, set due dates, and track progress. Effective task management and scheduling helps to ensure that all project milestones are met on time.\n\n2. Collaboration and Communication: Another important feature is the ability for team members to collaborate and communicate within the tool. This can include features such as chat or messaging systems, comments on tasks, and shared documents. Good collaboration and communication ensures that everyone is on the same page and working towards the same goals.\n\n3. Resource allocation and budgeting: Project planning tools also help with resource allocation and budgeting. This involves assigning resources to tasks, tracking time and expenses, and monitoring the overall budget of the project. This helps to ensure that resources are utilized effectively and the project stays within budget.\n*****QUESTION:***** If there is an explanation: Does the explanation refer to commonsense concepts that are taken as given?", "index": 1178}, {"instruction": "Identify and describe three important features of a project planning tool.", "input": "", "output": "1. Task Management and Scheduling: One of the key features of a project planning tool is its ability to help users manage and schedule tasks. This includes the ability to create and assign tasks to team members, set due dates, and track progress. Effective task management and scheduling helps to ensure that all project milestones are met on time.\n\n2. Collaboration and Communication: Another important feature is the ability for team members to collaborate and communicate within the tool. This can include features such as chat or messaging systems, comments on tasks, and shared documents. Good collaboration and communication ensures that everyone is on the same page and working towards the same goals.\n\n3. Resource allocation and budgeting: Project planning tools also help with resource allocation and budgeting. This involves assigning resources to tasks, tracking time and expenses, and monitoring the overall budget of the project. This helps to ensure that resources are utilized effectively and the project stays within budget.", "all_data": "*****INSTRUCTION:***** Identify and describe three important features of a project planning tool.\n\n*****OUTPUT:***** 1. Task Management and Scheduling: One of the key features of a project planning tool is its ability to help users manage and schedule tasks. This includes the ability to create and assign tasks to team members, set due dates, and track progress. Effective task management and scheduling helps to ensure that all project milestones are met on time.\n\n2. Collaboration and Communication: Another important feature is the ability for team members to collaborate and communicate within the tool. This can include features such as chat or messaging systems, comments on tasks, and shared documents. Good collaboration and communication ensures that everyone is on the same page and working towards the same goals.\n\n3. Resource allocation and budgeting: Project planning tools also help with resource allocation and budgeting. This involves assigning resources to tasks, tracking time and expenses, and monitoring the overall budget of the project. This helps to ensure that resources are utilized effectively and the project stays within budget.\n*****QUESTION:***** If there is an explanation: Does the explanation list contributing factors?", "index": 1179}, {"instruction": "Identify and describe three important features of a project planning tool.", "input": "", "output": "1. Task Management and Scheduling: One of the key features of a project planning tool is its ability to help users manage and schedule tasks. This includes the ability to create and assign tasks to team members, set due dates, and track progress. Effective task management and scheduling helps to ensure that all project milestones are met on time.\n\n2. Collaboration and Communication: Another important feature is the ability for team members to collaborate and communicate within the tool. This can include features such as chat or messaging systems, comments on tasks, and shared documents. Good collaboration and communication ensures that everyone is on the same page and working towards the same goals.\n\n3. Resource allocation and budgeting: Project planning tools also help with resource allocation and budgeting. This involves assigning resources to tasks, tracking time and expenses, and monitoring the overall budget of the project. This helps to ensure that resources are utilized effectively and the project stays within budget.", "all_data": "*****INSTRUCTION:***** Identify and describe three important features of a project planning tool.\n\n*****OUTPUT:***** 1. Task Management and Scheduling: One of the key features of a project planning tool is its ability to help users manage and schedule tasks. This includes the ability to create and assign tasks to team members, set due dates, and track progress. Effective task management and scheduling helps to ensure that all project milestones are met on time.\n\n2. Collaboration and Communication: Another important feature is the ability for team members to collaborate and communicate within the tool. This can include features such as chat or messaging systems, comments on tasks, and shared documents. Good collaboration and communication ensures that everyone is on the same page and working towards the same goals.\n\n3. Resource allocation and budgeting: Project planning tools also help with resource allocation and budgeting. This involves assigning resources to tasks, tracking time and expenses, and monitoring the overall budget of the project. This helps to ensure that resources are utilized effectively and the project stays within budget.\n*****QUESTION:***** If there is an explanation: Does the explanation include subjective or biased criteria?", "index": 1180}, {"instruction": "Identify and describe three important features of a project planning tool.", "input": "", "output": "1. Task Management and Scheduling: One of the key features of a project planning tool is its ability to help users manage and schedule tasks. This includes the ability to create and assign tasks to team members, set due dates, and track progress. Effective task management and scheduling helps to ensure that all project milestones are met on time.\n\n2. Collaboration and Communication: Another important feature is the ability for team members to collaborate and communicate within the tool. This can include features such as chat or messaging systems, comments on tasks, and shared documents. Good collaboration and communication ensures that everyone is on the same page and working towards the same goals.\n\n3. Resource allocation and budgeting: Project planning tools also help with resource allocation and budgeting. This involves assigning resources to tasks, tracking time and expenses, and monitoring the overall budget of the project. This helps to ensure that resources are utilized effectively and the project stays within budget.", "all_data": "*****INSTRUCTION:***** Identify and describe three important features of a project planning tool.\n\n*****OUTPUT:***** 1. Task Management and Scheduling: One of the key features of a project planning tool is its ability to help users manage and schedule tasks. This includes the ability to create and assign tasks to team members, set due dates, and track progress. Effective task management and scheduling helps to ensure that all project milestones are met on time.\n\n2. Collaboration and Communication: Another important feature is the ability for team members to collaborate and communicate within the tool. This can include features such as chat or messaging systems, comments on tasks, and shared documents. Good collaboration and communication ensures that everyone is on the same page and working towards the same goals.\n\n3. Resource allocation and budgeting: Project planning tools also help with resource allocation and budgeting. This involves assigning resources to tasks, tracking time and expenses, and monitoring the overall budget of the project. This helps to ensure that resources are utilized effectively and the project stays within budget.\n*****QUESTION:***** If there is an explanation: Does the explanation include illustrative elements (e.g. examples)?", "index": 1181}, {"instruction": "Identify and describe three important features of a project planning tool.", "input": "", "output": "1. Task Management and Scheduling: One of the key features of a project planning tool is its ability to help users manage and schedule tasks. This includes the ability to create and assign tasks to team members, set due dates, and track progress. Effective task management and scheduling helps to ensure that all project milestones are met on time.\n\n2. Collaboration and Communication: Another important feature is the ability for team members to collaborate and communicate within the tool. This can include features such as chat or messaging systems, comments on tasks, and shared documents. Good collaboration and communication ensures that everyone is on the same page and working towards the same goals.\n\n3. Resource allocation and budgeting: Project planning tools also help with resource allocation and budgeting. This involves assigning resources to tasks, tracking time and expenses, and monitoring the overall budget of the project. This helps to ensure that resources are utilized effectively and the project stays within budget.", "all_data": "*****INSTRUCTION:***** Identify and describe three important features of a project planning tool.\n\n*****OUTPUT:***** 1. Task Management and Scheduling: One of the key features of a project planning tool is its ability to help users manage and schedule tasks. This includes the ability to create and assign tasks to team members, set due dates, and track progress. Effective task management and scheduling helps to ensure that all project milestones are met on time.\n\n2. Collaboration and Communication: Another important feature is the ability for team members to collaborate and communicate within the tool. This can include features such as chat or messaging systems, comments on tasks, and shared documents. Good collaboration and communication ensures that everyone is on the same page and working towards the same goals.\n\n3. Resource allocation and budgeting: Project planning tools also help with resource allocation and budgeting. This involves assigning resources to tasks, tracking time and expenses, and monitoring the overall budget of the project. This helps to ensure that resources are utilized effectively and the project stays within budget.\n*****QUESTION:***** If there is an explanation: Is the explanation misleading (e.g. arguing for a label that is wrong)?", "index": 1182}, {"instruction": "Propose the equation for the general solution to the quadratic equation.", "input": "", "output": "The general solution to a quadratic equation is given by the quadratic formula, which is stated as:\n\nx = (-b \u00b1 \u221a(b\u00b2 - 4ac)) / (2a),\n\nwhere `a`, `b`, and `c` are coefficients of the quadratic polynomial ax\u00b2 + bx + c = 0, and `x` represents the variable that we are trying to solve for. This equation gives two potential solutions, one using the positive square root and one using the negative square root.", "all_data": "*****INSTRUCTION:***** Propose the equation for the general solution to the quadratic equation.\n\n*****OUTPUT:***** The general solution to a quadratic equation is given by the quadratic formula, which is stated as:\n\nx = (-b \u00b1 \u221a(b\u00b2 - 4ac)) / (2a),\n\nwhere `a`, `b`, and `c` are coefficients of the quadratic polynomial ax\u00b2 + bx + c = 0, and `x` represents the variable that we are trying to solve for. This equation gives two potential solutions, one using the positive square root and one using the negative square root.\n*****QUESTION:***** Does the output contain an explanation for the prediction?", "index": 1183}, {"instruction": "Propose the equation for the general solution to the quadratic equation.", "input": "", "output": "The general solution to a quadratic equation is given by the quadratic formula, which is stated as:\n\nx = (-b \u00b1 \u221a(b\u00b2 - 4ac)) / (2a),\n\nwhere `a`, `b`, and `c` are coefficients of the quadratic polynomial ax\u00b2 + bx + c = 0, and `x` represents the variable that we are trying to solve for. This equation gives two potential solutions, one using the positive square root and one using the negative square root.", "all_data": "*****INSTRUCTION:***** Propose the equation for the general solution to the quadratic equation.\n\n*****OUTPUT:***** The general solution to a quadratic equation is given by the quadratic formula, which is stated as:\n\nx = (-b \u00b1 \u221a(b\u00b2 - 4ac)) / (2a),\n\nwhere `a`, `b`, and `c` are coefficients of the quadratic polynomial ax\u00b2 + bx + c = 0, and `x` represents the variable that we are trying to solve for. This equation gives two potential solutions, one using the positive square root and one using the negative square root.\n*****QUESTION:***** Would you give an explanation/justify your reasoning if you were asked this question by a friend?", "index": 1184}, {"instruction": "Propose the equation for the general solution to the quadratic equation.", "input": "", "output": "The general solution to a quadratic equation is given by the quadratic formula, which is stated as:\n\nx = (-b \u00b1 \u221a(b\u00b2 - 4ac)) / (2a),\n\nwhere `a`, `b`, and `c` are coefficients of the quadratic polynomial ax\u00b2 + bx + c = 0, and `x` represents the variable that we are trying to solve for. This equation gives two potential solutions, one using the positive square root and one using the negative square root.", "all_data": "*****INSTRUCTION:***** Propose the equation for the general solution to the quadratic equation.\n\n*****OUTPUT:***** The general solution to a quadratic equation is given by the quadratic formula, which is stated as:\n\nx = (-b \u00b1 \u221a(b\u00b2 - 4ac)) / (2a),\n\nwhere `a`, `b`, and `c` are coefficients of the quadratic polynomial ax\u00b2 + bx + c = 0, and `x` represents the variable that we are trying to solve for. This equation gives two potential solutions, one using the positive square root and one using the negative square root.\n*****QUESTION:***** If there is an explanation: Does the explanation refer to commonsense concepts that are taken as given?", "index": 1185}, {"instruction": "Propose the equation for the general solution to the quadratic equation.", "input": "", "output": "The general solution to a quadratic equation is given by the quadratic formula, which is stated as:\n\nx = (-b \u00b1 \u221a(b\u00b2 - 4ac)) / (2a),\n\nwhere `a`, `b`, and `c` are coefficients of the quadratic polynomial ax\u00b2 + bx + c = 0, and `x` represents the variable that we are trying to solve for. This equation gives two potential solutions, one using the positive square root and one using the negative square root.", "all_data": "*****INSTRUCTION:***** Propose the equation for the general solution to the quadratic equation.\n\n*****OUTPUT:***** The general solution to a quadratic equation is given by the quadratic formula, which is stated as:\n\nx = (-b \u00b1 \u221a(b\u00b2 - 4ac)) / (2a),\n\nwhere `a`, `b`, and `c` are coefficients of the quadratic polynomial ax\u00b2 + bx + c = 0, and `x` represents the variable that we are trying to solve for. This equation gives two potential solutions, one using the positive square root and one using the negative square root.\n*****QUESTION:***** If there is an explanation: Does the explanation list contributing factors?", "index": 1186}, {"instruction": "Propose the equation for the general solution to the quadratic equation.", "input": "", "output": "The general solution to a quadratic equation is given by the quadratic formula, which is stated as:\n\nx = (-b \u00b1 \u221a(b\u00b2 - 4ac)) / (2a),\n\nwhere `a`, `b`, and `c` are coefficients of the quadratic polynomial ax\u00b2 + bx + c = 0, and `x` represents the variable that we are trying to solve for. This equation gives two potential solutions, one using the positive square root and one using the negative square root.", "all_data": "*****INSTRUCTION:***** Propose the equation for the general solution to the quadratic equation.\n\n*****OUTPUT:***** The general solution to a quadratic equation is given by the quadratic formula, which is stated as:\n\nx = (-b \u00b1 \u221a(b\u00b2 - 4ac)) / (2a),\n\nwhere `a`, `b`, and `c` are coefficients of the quadratic polynomial ax\u00b2 + bx + c = 0, and `x` represents the variable that we are trying to solve for. This equation gives two potential solutions, one using the positive square root and one using the negative square root.\n*****QUESTION:***** If there is an explanation: Does the explanation include subjective or biased criteria?", "index": 1187}, {"instruction": "Propose the equation for the general solution to the quadratic equation.", "input": "", "output": "The general solution to a quadratic equation is given by the quadratic formula, which is stated as:\n\nx = (-b \u00b1 \u221a(b\u00b2 - 4ac)) / (2a),\n\nwhere `a`, `b`, and `c` are coefficients of the quadratic polynomial ax\u00b2 + bx + c = 0, and `x` represents the variable that we are trying to solve for. This equation gives two potential solutions, one using the positive square root and one using the negative square root.", "all_data": "*****INSTRUCTION:***** Propose the equation for the general solution to the quadratic equation.\n\n*****OUTPUT:***** The general solution to a quadratic equation is given by the quadratic formula, which is stated as:\n\nx = (-b \u00b1 \u221a(b\u00b2 - 4ac)) / (2a),\n\nwhere `a`, `b`, and `c` are coefficients of the quadratic polynomial ax\u00b2 + bx + c = 0, and `x` represents the variable that we are trying to solve for. This equation gives two potential solutions, one using the positive square root and one using the negative square root.\n*****QUESTION:***** If there is an explanation: Does the explanation include illustrative elements (e.g. examples)?", "index": 1188}, {"instruction": "Propose the equation for the general solution to the quadratic equation.", "input": "", "output": "The general solution to a quadratic equation is given by the quadratic formula, which is stated as:\n\nx = (-b \u00b1 \u221a(b\u00b2 - 4ac)) / (2a),\n\nwhere `a`, `b`, and `c` are coefficients of the quadratic polynomial ax\u00b2 + bx + c = 0, and `x` represents the variable that we are trying to solve for. This equation gives two potential solutions, one using the positive square root and one using the negative square root.", "all_data": "*****INSTRUCTION:***** Propose the equation for the general solution to the quadratic equation.\n\n*****OUTPUT:***** The general solution to a quadratic equation is given by the quadratic formula, which is stated as:\n\nx = (-b \u00b1 \u221a(b\u00b2 - 4ac)) / (2a),\n\nwhere `a`, `b`, and `c` are coefficients of the quadratic polynomial ax\u00b2 + bx + c = 0, and `x` represents the variable that we are trying to solve for. This equation gives two potential solutions, one using the positive square root and one using the negative square root.\n*****QUESTION:***** If there is an explanation: Is the explanation misleading (e.g. arguing for a label that is wrong)?", "index": 1189}, {"instruction": "Identify and explain three key strategies to avoid burnout.", "input": "", "output": "Burnout is a state of physical, emotional, and mental exhaustion caused by prolonged and excessive stress. It can lead to feelings of helplessness, hopelessness, and being overwhelmed. Here are three key strategies to avoid burnout:\n\n1. Practice self-care: Taking care of yourself is important to prevent burnout. It\u2019s important to prioritize sleep, exercise, and healthy eating habits. Make sure to take breaks throughout the day to rest and recharge, and set aside time to do things that you enjoy and that help you relax. \n\n2. Set boundaries: It\u2019s important to set boundaries when it comes to work and personal life. This could mean saying no to additional responsibilities or working long hours, or taking breaks from technology and disconnecting from work-related emails and messages outside of work hours. By setting boundaries, you can prevent work from consuming all aspects of your life.\n\n3. Seek support: Burnout can be challenging to deal with on your own so seeking support from friends, family or a mental health professional can be helpful. Sharing your feelings and experiences with someone you trust can help alleviate stress and provide a fresh perspective. Additionally, they may be able to offer practical advice or strategies for managing your workload and reducing stress.", "all_data": "*****INSTRUCTION:***** Identify and explain three key strategies to avoid burnout.\n\n*****OUTPUT:***** Burnout is a state of physical, emotional, and mental exhaustion caused by prolonged and excessive stress. It can lead to feelings of helplessness, hopelessness, and being overwhelmed. Here are three key strategies to avoid burnout:\n\n1. Practice self-care: Taking care of yourself is important to prevent burnout. It\u2019s important to prioritize sleep, exercise, and healthy eating habits. Make sure to take breaks throughout the day to rest and recharge, and set aside time to do things that you enjoy and that help you relax. \n\n2. Set boundaries: It\u2019s important to set boundaries when it comes to work and personal life. This could mean saying no to additional responsibilities or working long hours, or taking breaks from technology and disconnecting from work-related emails and messages outside of work hours. By setting boundaries, you can prevent work from consuming all aspects of your life.\n\n3. Seek support: Burnout can be challenging to deal with on your own so seeking support from friends, family or a mental health professional can be helpful. Sharing your feelings and experiences with someone you trust can help alleviate stress and provide a fresh perspective. Additionally, they may be able to offer practical advice or strategies for managing your workload and reducing stress.\n*****QUESTION:***** Does the output contain an explanation for the prediction?", "index": 1190}, {"instruction": "Identify and explain three key strategies to avoid burnout.", "input": "", "output": "Burnout is a state of physical, emotional, and mental exhaustion caused by prolonged and excessive stress. It can lead to feelings of helplessness, hopelessness, and being overwhelmed. Here are three key strategies to avoid burnout:\n\n1. Practice self-care: Taking care of yourself is important to prevent burnout. It\u2019s important to prioritize sleep, exercise, and healthy eating habits. Make sure to take breaks throughout the day to rest and recharge, and set aside time to do things that you enjoy and that help you relax. \n\n2. Set boundaries: It\u2019s important to set boundaries when it comes to work and personal life. This could mean saying no to additional responsibilities or working long hours, or taking breaks from technology and disconnecting from work-related emails and messages outside of work hours. By setting boundaries, you can prevent work from consuming all aspects of your life.\n\n3. Seek support: Burnout can be challenging to deal with on your own so seeking support from friends, family or a mental health professional can be helpful. Sharing your feelings and experiences with someone you trust can help alleviate stress and provide a fresh perspective. Additionally, they may be able to offer practical advice or strategies for managing your workload and reducing stress.", "all_data": "*****INSTRUCTION:***** Identify and explain three key strategies to avoid burnout.\n\n*****OUTPUT:***** Burnout is a state of physical, emotional, and mental exhaustion caused by prolonged and excessive stress. It can lead to feelings of helplessness, hopelessness, and being overwhelmed. Here are three key strategies to avoid burnout:\n\n1. Practice self-care: Taking care of yourself is important to prevent burnout. It\u2019s important to prioritize sleep, exercise, and healthy eating habits. Make sure to take breaks throughout the day to rest and recharge, and set aside time to do things that you enjoy and that help you relax. \n\n2. Set boundaries: It\u2019s important to set boundaries when it comes to work and personal life. This could mean saying no to additional responsibilities or working long hours, or taking breaks from technology and disconnecting from work-related emails and messages outside of work hours. By setting boundaries, you can prevent work from consuming all aspects of your life.\n\n3. Seek support: Burnout can be challenging to deal with on your own so seeking support from friends, family or a mental health professional can be helpful. Sharing your feelings and experiences with someone you trust can help alleviate stress and provide a fresh perspective. Additionally, they may be able to offer practical advice or strategies for managing your workload and reducing stress.\n*****QUESTION:***** Would you give an explanation/justify your reasoning if you were asked this question by a friend?", "index": 1191}, {"instruction": "Identify and explain three key strategies to avoid burnout.", "input": "", "output": "Burnout is a state of physical, emotional, and mental exhaustion caused by prolonged and excessive stress. It can lead to feelings of helplessness, hopelessness, and being overwhelmed. Here are three key strategies to avoid burnout:\n\n1. Practice self-care: Taking care of yourself is important to prevent burnout. It\u2019s important to prioritize sleep, exercise, and healthy eating habits. Make sure to take breaks throughout the day to rest and recharge, and set aside time to do things that you enjoy and that help you relax. \n\n2. Set boundaries: It\u2019s important to set boundaries when it comes to work and personal life. This could mean saying no to additional responsibilities or working long hours, or taking breaks from technology and disconnecting from work-related emails and messages outside of work hours. By setting boundaries, you can prevent work from consuming all aspects of your life.\n\n3. Seek support: Burnout can be challenging to deal with on your own so seeking support from friends, family or a mental health professional can be helpful. Sharing your feelings and experiences with someone you trust can help alleviate stress and provide a fresh perspective. Additionally, they may be able to offer practical advice or strategies for managing your workload and reducing stress.", "all_data": "*****INSTRUCTION:***** Identify and explain three key strategies to avoid burnout.\n\n*****OUTPUT:***** Burnout is a state of physical, emotional, and mental exhaustion caused by prolonged and excessive stress. It can lead to feelings of helplessness, hopelessness, and being overwhelmed. Here are three key strategies to avoid burnout:\n\n1. Practice self-care: Taking care of yourself is important to prevent burnout. It\u2019s important to prioritize sleep, exercise, and healthy eating habits. Make sure to take breaks throughout the day to rest and recharge, and set aside time to do things that you enjoy and that help you relax. \n\n2. Set boundaries: It\u2019s important to set boundaries when it comes to work and personal life. This could mean saying no to additional responsibilities or working long hours, or taking breaks from technology and disconnecting from work-related emails and messages outside of work hours. By setting boundaries, you can prevent work from consuming all aspects of your life.\n\n3. Seek support: Burnout can be challenging to deal with on your own so seeking support from friends, family or a mental health professional can be helpful. Sharing your feelings and experiences with someone you trust can help alleviate stress and provide a fresh perspective. Additionally, they may be able to offer practical advice or strategies for managing your workload and reducing stress.\n*****QUESTION:***** If there is an explanation: Does the explanation refer to commonsense concepts that are taken as given?", "index": 1192}, {"instruction": "Identify and explain three key strategies to avoid burnout.", "input": "", "output": "Burnout is a state of physical, emotional, and mental exhaustion caused by prolonged and excessive stress. It can lead to feelings of helplessness, hopelessness, and being overwhelmed. Here are three key strategies to avoid burnout:\n\n1. Practice self-care: Taking care of yourself is important to prevent burnout. It\u2019s important to prioritize sleep, exercise, and healthy eating habits. Make sure to take breaks throughout the day to rest and recharge, and set aside time to do things that you enjoy and that help you relax. \n\n2. Set boundaries: It\u2019s important to set boundaries when it comes to work and personal life. This could mean saying no to additional responsibilities or working long hours, or taking breaks from technology and disconnecting from work-related emails and messages outside of work hours. By setting boundaries, you can prevent work from consuming all aspects of your life.\n\n3. Seek support: Burnout can be challenging to deal with on your own so seeking support from friends, family or a mental health professional can be helpful. Sharing your feelings and experiences with someone you trust can help alleviate stress and provide a fresh perspective. Additionally, they may be able to offer practical advice or strategies for managing your workload and reducing stress.", "all_data": "*****INSTRUCTION:***** Identify and explain three key strategies to avoid burnout.\n\n*****OUTPUT:***** Burnout is a state of physical, emotional, and mental exhaustion caused by prolonged and excessive stress. It can lead to feelings of helplessness, hopelessness, and being overwhelmed. Here are three key strategies to avoid burnout:\n\n1. Practice self-care: Taking care of yourself is important to prevent burnout. It\u2019s important to prioritize sleep, exercise, and healthy eating habits. Make sure to take breaks throughout the day to rest and recharge, and set aside time to do things that you enjoy and that help you relax. \n\n2. Set boundaries: It\u2019s important to set boundaries when it comes to work and personal life. This could mean saying no to additional responsibilities or working long hours, or taking breaks from technology and disconnecting from work-related emails and messages outside of work hours. By setting boundaries, you can prevent work from consuming all aspects of your life.\n\n3. Seek support: Burnout can be challenging to deal with on your own so seeking support from friends, family or a mental health professional can be helpful. Sharing your feelings and experiences with someone you trust can help alleviate stress and provide a fresh perspective. Additionally, they may be able to offer practical advice or strategies for managing your workload and reducing stress.\n*****QUESTION:***** If there is an explanation: Does the explanation list contributing factors?", "index": 1193}, {"instruction": "Identify and explain three key strategies to avoid burnout.", "input": "", "output": "Burnout is a state of physical, emotional, and mental exhaustion caused by prolonged and excessive stress. It can lead to feelings of helplessness, hopelessness, and being overwhelmed. Here are three key strategies to avoid burnout:\n\n1. Practice self-care: Taking care of yourself is important to prevent burnout. It\u2019s important to prioritize sleep, exercise, and healthy eating habits. Make sure to take breaks throughout the day to rest and recharge, and set aside time to do things that you enjoy and that help you relax. \n\n2. Set boundaries: It\u2019s important to set boundaries when it comes to work and personal life. This could mean saying no to additional responsibilities or working long hours, or taking breaks from technology and disconnecting from work-related emails and messages outside of work hours. By setting boundaries, you can prevent work from consuming all aspects of your life.\n\n3. Seek support: Burnout can be challenging to deal with on your own so seeking support from friends, family or a mental health professional can be helpful. Sharing your feelings and experiences with someone you trust can help alleviate stress and provide a fresh perspective. Additionally, they may be able to offer practical advice or strategies for managing your workload and reducing stress.", "all_data": "*****INSTRUCTION:***** Identify and explain three key strategies to avoid burnout.\n\n*****OUTPUT:***** Burnout is a state of physical, emotional, and mental exhaustion caused by prolonged and excessive stress. It can lead to feelings of helplessness, hopelessness, and being overwhelmed. Here are three key strategies to avoid burnout:\n\n1. Practice self-care: Taking care of yourself is important to prevent burnout. It\u2019s important to prioritize sleep, exercise, and healthy eating habits. Make sure to take breaks throughout the day to rest and recharge, and set aside time to do things that you enjoy and that help you relax. \n\n2. Set boundaries: It\u2019s important to set boundaries when it comes to work and personal life. This could mean saying no to additional responsibilities or working long hours, or taking breaks from technology and disconnecting from work-related emails and messages outside of work hours. By setting boundaries, you can prevent work from consuming all aspects of your life.\n\n3. Seek support: Burnout can be challenging to deal with on your own so seeking support from friends, family or a mental health professional can be helpful. Sharing your feelings and experiences with someone you trust can help alleviate stress and provide a fresh perspective. Additionally, they may be able to offer practical advice or strategies for managing your workload and reducing stress.\n*****QUESTION:***** If there is an explanation: Does the explanation include subjective or biased criteria?", "index": 1194}, {"instruction": "Identify and explain three key strategies to avoid burnout.", "input": "", "output": "Burnout is a state of physical, emotional, and mental exhaustion caused by prolonged and excessive stress. It can lead to feelings of helplessness, hopelessness, and being overwhelmed. Here are three key strategies to avoid burnout:\n\n1. Practice self-care: Taking care of yourself is important to prevent burnout. It\u2019s important to prioritize sleep, exercise, and healthy eating habits. Make sure to take breaks throughout the day to rest and recharge, and set aside time to do things that you enjoy and that help you relax. \n\n2. Set boundaries: It\u2019s important to set boundaries when it comes to work and personal life. This could mean saying no to additional responsibilities or working long hours, or taking breaks from technology and disconnecting from work-related emails and messages outside of work hours. By setting boundaries, you can prevent work from consuming all aspects of your life.\n\n3. Seek support: Burnout can be challenging to deal with on your own so seeking support from friends, family or a mental health professional can be helpful. Sharing your feelings and experiences with someone you trust can help alleviate stress and provide a fresh perspective. Additionally, they may be able to offer practical advice or strategies for managing your workload and reducing stress.", "all_data": "*****INSTRUCTION:***** Identify and explain three key strategies to avoid burnout.\n\n*****OUTPUT:***** Burnout is a state of physical, emotional, and mental exhaustion caused by prolonged and excessive stress. It can lead to feelings of helplessness, hopelessness, and being overwhelmed. Here are three key strategies to avoid burnout:\n\n1. Practice self-care: Taking care of yourself is important to prevent burnout. It\u2019s important to prioritize sleep, exercise, and healthy eating habits. Make sure to take breaks throughout the day to rest and recharge, and set aside time to do things that you enjoy and that help you relax. \n\n2. Set boundaries: It\u2019s important to set boundaries when it comes to work and personal life. This could mean saying no to additional responsibilities or working long hours, or taking breaks from technology and disconnecting from work-related emails and messages outside of work hours. By setting boundaries, you can prevent work from consuming all aspects of your life.\n\n3. Seek support: Burnout can be challenging to deal with on your own so seeking support from friends, family or a mental health professional can be helpful. Sharing your feelings and experiences with someone you trust can help alleviate stress and provide a fresh perspective. Additionally, they may be able to offer practical advice or strategies for managing your workload and reducing stress.\n*****QUESTION:***** If there is an explanation: Does the explanation include illustrative elements (e.g. examples)?", "index": 1195}, {"instruction": "Identify and explain three key strategies to avoid burnout.", "input": "", "output": "Burnout is a state of physical, emotional, and mental exhaustion caused by prolonged and excessive stress. It can lead to feelings of helplessness, hopelessness, and being overwhelmed. Here are three key strategies to avoid burnout:\n\n1. Practice self-care: Taking care of yourself is important to prevent burnout. It\u2019s important to prioritize sleep, exercise, and healthy eating habits. Make sure to take breaks throughout the day to rest and recharge, and set aside time to do things that you enjoy and that help you relax. \n\n2. Set boundaries: It\u2019s important to set boundaries when it comes to work and personal life. This could mean saying no to additional responsibilities or working long hours, or taking breaks from technology and disconnecting from work-related emails and messages outside of work hours. By setting boundaries, you can prevent work from consuming all aspects of your life.\n\n3. Seek support: Burnout can be challenging to deal with on your own so seeking support from friends, family or a mental health professional can be helpful. Sharing your feelings and experiences with someone you trust can help alleviate stress and provide a fresh perspective. Additionally, they may be able to offer practical advice or strategies for managing your workload and reducing stress.", "all_data": "*****INSTRUCTION:***** Identify and explain three key strategies to avoid burnout.\n\n*****OUTPUT:***** Burnout is a state of physical, emotional, and mental exhaustion caused by prolonged and excessive stress. It can lead to feelings of helplessness, hopelessness, and being overwhelmed. Here are three key strategies to avoid burnout:\n\n1. Practice self-care: Taking care of yourself is important to prevent burnout. It\u2019s important to prioritize sleep, exercise, and healthy eating habits. Make sure to take breaks throughout the day to rest and recharge, and set aside time to do things that you enjoy and that help you relax. \n\n2. Set boundaries: It\u2019s important to set boundaries when it comes to work and personal life. This could mean saying no to additional responsibilities or working long hours, or taking breaks from technology and disconnecting from work-related emails and messages outside of work hours. By setting boundaries, you can prevent work from consuming all aspects of your life.\n\n3. Seek support: Burnout can be challenging to deal with on your own so seeking support from friends, family or a mental health professional can be helpful. Sharing your feelings and experiences with someone you trust can help alleviate stress and provide a fresh perspective. Additionally, they may be able to offer practical advice or strategies for managing your workload and reducing stress.\n*****QUESTION:***** If there is an explanation: Is the explanation misleading (e.g. arguing for a label that is wrong)?", "index": 1196}, {"instruction": "Build a recommendation system to recommend new books to a user.", "input": "The user is looking for books on quantum physics.", "output": "Based on your interest in books on quantum physics, I recommend the following titles:\n\n1. Quantum Physics: A Beginner\u2019s Guide by Alastair Rae\n2. In Search of Schr\u00f6dinger\u2019s Cat by John Gribbin\n3. Quantum Mechanics: The Theoretical Minimum by Leonard Susskind and Art Friedman\n4. Quantum Mechanics and Path Integrals by Richard P. Feynman \n5. Principles of Quantum Mechanics by R. Shankar \n6. Quantum Enigma: Physics Encounters Consciousness by Bruce Rosenblum and Fred Kuttner\n7. Quantum: A Guide for the Perplexed by Jim Al-Khalili\n8. The Quantum Universe: Everything that Can Happen Does Happen by Brian Cox and Jeff Forshaw\n9. The Elegant Universe by Brian Greene\n10. Six Easy Pieces: Essentials of Physics, Explained by Its Most Brilliant Teacher by Richard P. Feynman.\n\nThese books provide an engaging and informative introduction to the fascinating world of quantum physics for readers of all levels. I encourage you to explore these titles and choose the ones that best suit your needs and interests.", "all_data": "*****INSTRUCTION:***** Build a recommendation system to recommend new books to a user.\nThe user is looking for books on quantum physics.\n*****OUTPUT:***** Based on your interest in books on quantum physics, I recommend the following titles:\n\n1. Quantum Physics: A Beginner\u2019s Guide by Alastair Rae\n2. In Search of Schr\u00f6dinger\u2019s Cat by John Gribbin\n3. Quantum Mechanics: The Theoretical Minimum by Leonard Susskind and Art Friedman\n4. Quantum Mechanics and Path Integrals by Richard P. Feynman \n5. Principles of Quantum Mechanics by R. Shankar \n6. Quantum Enigma: Physics Encounters Consciousness by Bruce Rosenblum and Fred Kuttner\n7. Quantum: A Guide for the Perplexed by Jim Al-Khalili\n8. The Quantum Universe: Everything that Can Happen Does Happen by Brian Cox and Jeff Forshaw\n9. The Elegant Universe by Brian Greene\n10. Six Easy Pieces: Essentials of Physics, Explained by Its Most Brilliant Teacher by Richard P. Feynman.\n\nThese books provide an engaging and informative introduction to the fascinating world of quantum physics for readers of all levels. I encourage you to explore these titles and choose the ones that best suit your needs and interests.\n*****QUESTION:***** Does the output contain an explanation for the prediction?", "index": 1197}, {"instruction": "Build a recommendation system to recommend new books to a user.", "input": "The user is looking for books on quantum physics.", "output": "Based on your interest in books on quantum physics, I recommend the following titles:\n\n1. Quantum Physics: A Beginner\u2019s Guide by Alastair Rae\n2. In Search of Schr\u00f6dinger\u2019s Cat by John Gribbin\n3. Quantum Mechanics: The Theoretical Minimum by Leonard Susskind and Art Friedman\n4. Quantum Mechanics and Path Integrals by Richard P. Feynman \n5. Principles of Quantum Mechanics by R. Shankar \n6. Quantum Enigma: Physics Encounters Consciousness by Bruce Rosenblum and Fred Kuttner\n7. Quantum: A Guide for the Perplexed by Jim Al-Khalili\n8. The Quantum Universe: Everything that Can Happen Does Happen by Brian Cox and Jeff Forshaw\n9. The Elegant Universe by Brian Greene\n10. Six Easy Pieces: Essentials of Physics, Explained by Its Most Brilliant Teacher by Richard P. Feynman.\n\nThese books provide an engaging and informative introduction to the fascinating world of quantum physics for readers of all levels. I encourage you to explore these titles and choose the ones that best suit your needs and interests.", "all_data": "*****INSTRUCTION:***** Build a recommendation system to recommend new books to a user.\nThe user is looking for books on quantum physics.\n*****OUTPUT:***** Based on your interest in books on quantum physics, I recommend the following titles:\n\n1. Quantum Physics: A Beginner\u2019s Guide by Alastair Rae\n2. In Search of Schr\u00f6dinger\u2019s Cat by John Gribbin\n3. Quantum Mechanics: The Theoretical Minimum by Leonard Susskind and Art Friedman\n4. Quantum Mechanics and Path Integrals by Richard P. Feynman \n5. Principles of Quantum Mechanics by R. Shankar \n6. Quantum Enigma: Physics Encounters Consciousness by Bruce Rosenblum and Fred Kuttner\n7. Quantum: A Guide for the Perplexed by Jim Al-Khalili\n8. The Quantum Universe: Everything that Can Happen Does Happen by Brian Cox and Jeff Forshaw\n9. The Elegant Universe by Brian Greene\n10. Six Easy Pieces: Essentials of Physics, Explained by Its Most Brilliant Teacher by Richard P. Feynman.\n\nThese books provide an engaging and informative introduction to the fascinating world of quantum physics for readers of all levels. I encourage you to explore these titles and choose the ones that best suit your needs and interests.\n*****QUESTION:***** Would you give an explanation/justify your reasoning if you were asked this question by a friend?", "index": 1198}, {"instruction": "Build a recommendation system to recommend new books to a user.", "input": "The user is looking for books on quantum physics.", "output": "Based on your interest in books on quantum physics, I recommend the following titles:\n\n1. Quantum Physics: A Beginner\u2019s Guide by Alastair Rae\n2. In Search of Schr\u00f6dinger\u2019s Cat by John Gribbin\n3. Quantum Mechanics: The Theoretical Minimum by Leonard Susskind and Art Friedman\n4. Quantum Mechanics and Path Integrals by Richard P. Feynman \n5. Principles of Quantum Mechanics by R. Shankar \n6. Quantum Enigma: Physics Encounters Consciousness by Bruce Rosenblum and Fred Kuttner\n7. Quantum: A Guide for the Perplexed by Jim Al-Khalili\n8. The Quantum Universe: Everything that Can Happen Does Happen by Brian Cox and Jeff Forshaw\n9. The Elegant Universe by Brian Greene\n10. Six Easy Pieces: Essentials of Physics, Explained by Its Most Brilliant Teacher by Richard P. Feynman.\n\nThese books provide an engaging and informative introduction to the fascinating world of quantum physics for readers of all levels. I encourage you to explore these titles and choose the ones that best suit your needs and interests.", "all_data": "*****INSTRUCTION:***** Build a recommendation system to recommend new books to a user.\nThe user is looking for books on quantum physics.\n*****OUTPUT:***** Based on your interest in books on quantum physics, I recommend the following titles:\n\n1. Quantum Physics: A Beginner\u2019s Guide by Alastair Rae\n2. In Search of Schr\u00f6dinger\u2019s Cat by John Gribbin\n3. Quantum Mechanics: The Theoretical Minimum by Leonard Susskind and Art Friedman\n4. Quantum Mechanics and Path Integrals by Richard P. Feynman \n5. Principles of Quantum Mechanics by R. Shankar \n6. Quantum Enigma: Physics Encounters Consciousness by Bruce Rosenblum and Fred Kuttner\n7. Quantum: A Guide for the Perplexed by Jim Al-Khalili\n8. The Quantum Universe: Everything that Can Happen Does Happen by Brian Cox and Jeff Forshaw\n9. The Elegant Universe by Brian Greene\n10. Six Easy Pieces: Essentials of Physics, Explained by Its Most Brilliant Teacher by Richard P. Feynman.\n\nThese books provide an engaging and informative introduction to the fascinating world of quantum physics for readers of all levels. I encourage you to explore these titles and choose the ones that best suit your needs and interests.\n*****QUESTION:***** If there is an explanation: Does the explanation refer to commonsense concepts that are taken as given?", "index": 1199}, {"instruction": "Build a recommendation system to recommend new books to a user.", "input": "The user is looking for books on quantum physics.", "output": "Based on your interest in books on quantum physics, I recommend the following titles:\n\n1. Quantum Physics: A Beginner\u2019s Guide by Alastair Rae\n2. In Search of Schr\u00f6dinger\u2019s Cat by John Gribbin\n3. Quantum Mechanics: The Theoretical Minimum by Leonard Susskind and Art Friedman\n4. Quantum Mechanics and Path Integrals by Richard P. Feynman \n5. Principles of Quantum Mechanics by R. Shankar \n6. Quantum Enigma: Physics Encounters Consciousness by Bruce Rosenblum and Fred Kuttner\n7. Quantum: A Guide for the Perplexed by Jim Al-Khalili\n8. The Quantum Universe: Everything that Can Happen Does Happen by Brian Cox and Jeff Forshaw\n9. The Elegant Universe by Brian Greene\n10. Six Easy Pieces: Essentials of Physics, Explained by Its Most Brilliant Teacher by Richard P. Feynman.\n\nThese books provide an engaging and informative introduction to the fascinating world of quantum physics for readers of all levels. I encourage you to explore these titles and choose the ones that best suit your needs and interests.", "all_data": "*****INSTRUCTION:***** Build a recommendation system to recommend new books to a user.\nThe user is looking for books on quantum physics.\n*****OUTPUT:***** Based on your interest in books on quantum physics, I recommend the following titles:\n\n1. Quantum Physics: A Beginner\u2019s Guide by Alastair Rae\n2. In Search of Schr\u00f6dinger\u2019s Cat by John Gribbin\n3. Quantum Mechanics: The Theoretical Minimum by Leonard Susskind and Art Friedman\n4. Quantum Mechanics and Path Integrals by Richard P. Feynman \n5. Principles of Quantum Mechanics by R. Shankar \n6. Quantum Enigma: Physics Encounters Consciousness by Bruce Rosenblum and Fred Kuttner\n7. Quantum: A Guide for the Perplexed by Jim Al-Khalili\n8. The Quantum Universe: Everything that Can Happen Does Happen by Brian Cox and Jeff Forshaw\n9. The Elegant Universe by Brian Greene\n10. Six Easy Pieces: Essentials of Physics, Explained by Its Most Brilliant Teacher by Richard P. Feynman.\n\nThese books provide an engaging and informative introduction to the fascinating world of quantum physics for readers of all levels. I encourage you to explore these titles and choose the ones that best suit your needs and interests.\n*****QUESTION:***** If there is an explanation: Does the explanation list contributing factors?", "index": 1200}, {"instruction": "Build a recommendation system to recommend new books to a user.", "input": "The user is looking for books on quantum physics.", "output": "Based on your interest in books on quantum physics, I recommend the following titles:\n\n1. Quantum Physics: A Beginner\u2019s Guide by Alastair Rae\n2. In Search of Schr\u00f6dinger\u2019s Cat by John Gribbin\n3. Quantum Mechanics: The Theoretical Minimum by Leonard Susskind and Art Friedman\n4. Quantum Mechanics and Path Integrals by Richard P. Feynman \n5. Principles of Quantum Mechanics by R. Shankar \n6. Quantum Enigma: Physics Encounters Consciousness by Bruce Rosenblum and Fred Kuttner\n7. Quantum: A Guide for the Perplexed by Jim Al-Khalili\n8. The Quantum Universe: Everything that Can Happen Does Happen by Brian Cox and Jeff Forshaw\n9. The Elegant Universe by Brian Greene\n10. Six Easy Pieces: Essentials of Physics, Explained by Its Most Brilliant Teacher by Richard P. Feynman.\n\nThese books provide an engaging and informative introduction to the fascinating world of quantum physics for readers of all levels. I encourage you to explore these titles and choose the ones that best suit your needs and interests.", "all_data": "*****INSTRUCTION:***** Build a recommendation system to recommend new books to a user.\nThe user is looking for books on quantum physics.\n*****OUTPUT:***** Based on your interest in books on quantum physics, I recommend the following titles:\n\n1. Quantum Physics: A Beginner\u2019s Guide by Alastair Rae\n2. In Search of Schr\u00f6dinger\u2019s Cat by John Gribbin\n3. Quantum Mechanics: The Theoretical Minimum by Leonard Susskind and Art Friedman\n4. Quantum Mechanics and Path Integrals by Richard P. Feynman \n5. Principles of Quantum Mechanics by R. Shankar \n6. Quantum Enigma: Physics Encounters Consciousness by Bruce Rosenblum and Fred Kuttner\n7. Quantum: A Guide for the Perplexed by Jim Al-Khalili\n8. The Quantum Universe: Everything that Can Happen Does Happen by Brian Cox and Jeff Forshaw\n9. The Elegant Universe by Brian Greene\n10. Six Easy Pieces: Essentials of Physics, Explained by Its Most Brilliant Teacher by Richard P. Feynman.\n\nThese books provide an engaging and informative introduction to the fascinating world of quantum physics for readers of all levels. I encourage you to explore these titles and choose the ones that best suit your needs and interests.\n*****QUESTION:***** If there is an explanation: Does the explanation include subjective or biased criteria?", "index": 1201}, {"instruction": "Build a recommendation system to recommend new books to a user.", "input": "The user is looking for books on quantum physics.", "output": "Based on your interest in books on quantum physics, I recommend the following titles:\n\n1. Quantum Physics: A Beginner\u2019s Guide by Alastair Rae\n2. In Search of Schr\u00f6dinger\u2019s Cat by John Gribbin\n3. Quantum Mechanics: The Theoretical Minimum by Leonard Susskind and Art Friedman\n4. Quantum Mechanics and Path Integrals by Richard P. Feynman \n5. Principles of Quantum Mechanics by R. Shankar \n6. Quantum Enigma: Physics Encounters Consciousness by Bruce Rosenblum and Fred Kuttner\n7. Quantum: A Guide for the Perplexed by Jim Al-Khalili\n8. The Quantum Universe: Everything that Can Happen Does Happen by Brian Cox and Jeff Forshaw\n9. The Elegant Universe by Brian Greene\n10. Six Easy Pieces: Essentials of Physics, Explained by Its Most Brilliant Teacher by Richard P. Feynman.\n\nThese books provide an engaging and informative introduction to the fascinating world of quantum physics for readers of all levels. I encourage you to explore these titles and choose the ones that best suit your needs and interests.", "all_data": "*****INSTRUCTION:***** Build a recommendation system to recommend new books to a user.\nThe user is looking for books on quantum physics.\n*****OUTPUT:***** Based on your interest in books on quantum physics, I recommend the following titles:\n\n1. Quantum Physics: A Beginner\u2019s Guide by Alastair Rae\n2. In Search of Schr\u00f6dinger\u2019s Cat by John Gribbin\n3. Quantum Mechanics: The Theoretical Minimum by Leonard Susskind and Art Friedman\n4. Quantum Mechanics and Path Integrals by Richard P. Feynman \n5. Principles of Quantum Mechanics by R. Shankar \n6. Quantum Enigma: Physics Encounters Consciousness by Bruce Rosenblum and Fred Kuttner\n7. Quantum: A Guide for the Perplexed by Jim Al-Khalili\n8. The Quantum Universe: Everything that Can Happen Does Happen by Brian Cox and Jeff Forshaw\n9. The Elegant Universe by Brian Greene\n10. Six Easy Pieces: Essentials of Physics, Explained by Its Most Brilliant Teacher by Richard P. Feynman.\n\nThese books provide an engaging and informative introduction to the fascinating world of quantum physics for readers of all levels. I encourage you to explore these titles and choose the ones that best suit your needs and interests.\n*****QUESTION:***** If there is an explanation: Does the explanation include illustrative elements (e.g. examples)?", "index": 1202}, {"instruction": "Build a recommendation system to recommend new books to a user.", "input": "The user is looking for books on quantum physics.", "output": "Based on your interest in books on quantum physics, I recommend the following titles:\n\n1. Quantum Physics: A Beginner\u2019s Guide by Alastair Rae\n2. In Search of Schr\u00f6dinger\u2019s Cat by John Gribbin\n3. Quantum Mechanics: The Theoretical Minimum by Leonard Susskind and Art Friedman\n4. Quantum Mechanics and Path Integrals by Richard P. Feynman \n5. Principles of Quantum Mechanics by R. Shankar \n6. Quantum Enigma: Physics Encounters Consciousness by Bruce Rosenblum and Fred Kuttner\n7. Quantum: A Guide for the Perplexed by Jim Al-Khalili\n8. The Quantum Universe: Everything that Can Happen Does Happen by Brian Cox and Jeff Forshaw\n9. The Elegant Universe by Brian Greene\n10. Six Easy Pieces: Essentials of Physics, Explained by Its Most Brilliant Teacher by Richard P. Feynman.\n\nThese books provide an engaging and informative introduction to the fascinating world of quantum physics for readers of all levels. I encourage you to explore these titles and choose the ones that best suit your needs and interests.", "all_data": "*****INSTRUCTION:***** Build a recommendation system to recommend new books to a user.\nThe user is looking for books on quantum physics.\n*****OUTPUT:***** Based on your interest in books on quantum physics, I recommend the following titles:\n\n1. Quantum Physics: A Beginner\u2019s Guide by Alastair Rae\n2. In Search of Schr\u00f6dinger\u2019s Cat by John Gribbin\n3. Quantum Mechanics: The Theoretical Minimum by Leonard Susskind and Art Friedman\n4. Quantum Mechanics and Path Integrals by Richard P. Feynman \n5. Principles of Quantum Mechanics by R. Shankar \n6. Quantum Enigma: Physics Encounters Consciousness by Bruce Rosenblum and Fred Kuttner\n7. Quantum: A Guide for the Perplexed by Jim Al-Khalili\n8. The Quantum Universe: Everything that Can Happen Does Happen by Brian Cox and Jeff Forshaw\n9. The Elegant Universe by Brian Greene\n10. Six Easy Pieces: Essentials of Physics, Explained by Its Most Brilliant Teacher by Richard P. Feynman.\n\nThese books provide an engaging and informative introduction to the fascinating world of quantum physics for readers of all levels. I encourage you to explore these titles and choose the ones that best suit your needs and interests.\n*****QUESTION:***** If there is an explanation: Is the explanation misleading (e.g. arguing for a label that is wrong)?", "index": 1203}, {"instruction": "Output a list of tools needed for a craft.", "input": "The craft is a paper mache toy.", "output": "To create a paper mache toy, you will need: \n\n- Newspapers or magazine pages\n- Balloons or cardboard shapes\n- Scissors\n- Glue or flour paste\n- Water \n- Large bowl or container \n- Paintbrushes \n- Acrylic or craft paint\n- Craft knife\n- Mod Podge or clear varnish for sealing.", "all_data": "*****INSTRUCTION:***** Output a list of tools needed for a craft.\nThe craft is a paper mache toy.\n*****OUTPUT:***** To create a paper mache toy, you will need: \n\n- Newspapers or magazine pages\n- Balloons or cardboard shapes\n- Scissors\n- Glue or flour paste\n- Water \n- Large bowl or container \n- Paintbrushes \n- Acrylic or craft paint\n- Craft knife\n- Mod Podge or clear varnish for sealing.\n*****QUESTION:***** Does the output contain an explanation for the prediction?", "index": 1204}, {"instruction": "Output a list of tools needed for a craft.", "input": "The craft is a paper mache toy.", "output": "To create a paper mache toy, you will need: \n\n- Newspapers or magazine pages\n- Balloons or cardboard shapes\n- Scissors\n- Glue or flour paste\n- Water \n- Large bowl or container \n- Paintbrushes \n- Acrylic or craft paint\n- Craft knife\n- Mod Podge or clear varnish for sealing.", "all_data": "*****INSTRUCTION:***** Output a list of tools needed for a craft.\nThe craft is a paper mache toy.\n*****OUTPUT:***** To create a paper mache toy, you will need: \n\n- Newspapers or magazine pages\n- Balloons or cardboard shapes\n- Scissors\n- Glue or flour paste\n- Water \n- Large bowl or container \n- Paintbrushes \n- Acrylic or craft paint\n- Craft knife\n- Mod Podge or clear varnish for sealing.\n*****QUESTION:***** Would you give an explanation/justify your reasoning if you were asked this question by a friend?", "index": 1205}, {"instruction": "Output a list of tools needed for a craft.", "input": "The craft is a paper mache toy.", "output": "To create a paper mache toy, you will need: \n\n- Newspapers or magazine pages\n- Balloons or cardboard shapes\n- Scissors\n- Glue or flour paste\n- Water \n- Large bowl or container \n- Paintbrushes \n- Acrylic or craft paint\n- Craft knife\n- Mod Podge or clear varnish for sealing.", "all_data": "*****INSTRUCTION:***** Output a list of tools needed for a craft.\nThe craft is a paper mache toy.\n*****OUTPUT:***** To create a paper mache toy, you will need: \n\n- Newspapers or magazine pages\n- Balloons or cardboard shapes\n- Scissors\n- Glue or flour paste\n- Water \n- Large bowl or container \n- Paintbrushes \n- Acrylic or craft paint\n- Craft knife\n- Mod Podge or clear varnish for sealing.\n*****QUESTION:***** If there is an explanation: Does the explanation refer to commonsense concepts that are taken as given?", "index": 1206}, {"instruction": "Output a list of tools needed for a craft.", "input": "The craft is a paper mache toy.", "output": "To create a paper mache toy, you will need: \n\n- Newspapers or magazine pages\n- Balloons or cardboard shapes\n- Scissors\n- Glue or flour paste\n- Water \n- Large bowl or container \n- Paintbrushes \n- Acrylic or craft paint\n- Craft knife\n- Mod Podge or clear varnish for sealing.", "all_data": "*****INSTRUCTION:***** Output a list of tools needed for a craft.\nThe craft is a paper mache toy.\n*****OUTPUT:***** To create a paper mache toy, you will need: \n\n- Newspapers or magazine pages\n- Balloons or cardboard shapes\n- Scissors\n- Glue or flour paste\n- Water \n- Large bowl or container \n- Paintbrushes \n- Acrylic or craft paint\n- Craft knife\n- Mod Podge or clear varnish for sealing.\n*****QUESTION:***** If there is an explanation: Does the explanation list contributing factors?", "index": 1207}, {"instruction": "Output a list of tools needed for a craft.", "input": "The craft is a paper mache toy.", "output": "To create a paper mache toy, you will need: \n\n- Newspapers or magazine pages\n- Balloons or cardboard shapes\n- Scissors\n- Glue or flour paste\n- Water \n- Large bowl or container \n- Paintbrushes \n- Acrylic or craft paint\n- Craft knife\n- Mod Podge or clear varnish for sealing.", "all_data": "*****INSTRUCTION:***** Output a list of tools needed for a craft.\nThe craft is a paper mache toy.\n*****OUTPUT:***** To create a paper mache toy, you will need: \n\n- Newspapers or magazine pages\n- Balloons or cardboard shapes\n- Scissors\n- Glue or flour paste\n- Water \n- Large bowl or container \n- Paintbrushes \n- Acrylic or craft paint\n- Craft knife\n- Mod Podge or clear varnish for sealing.\n*****QUESTION:***** If there is an explanation: Does the explanation include subjective or biased criteria?", "index": 1208}, {"instruction": "Output a list of tools needed for a craft.", "input": "The craft is a paper mache toy.", "output": "To create a paper mache toy, you will need: \n\n- Newspapers or magazine pages\n- Balloons or cardboard shapes\n- Scissors\n- Glue or flour paste\n- Water \n- Large bowl or container \n- Paintbrushes \n- Acrylic or craft paint\n- Craft knife\n- Mod Podge or clear varnish for sealing.", "all_data": "*****INSTRUCTION:***** Output a list of tools needed for a craft.\nThe craft is a paper mache toy.\n*****OUTPUT:***** To create a paper mache toy, you will need: \n\n- Newspapers or magazine pages\n- Balloons or cardboard shapes\n- Scissors\n- Glue or flour paste\n- Water \n- Large bowl or container \n- Paintbrushes \n- Acrylic or craft paint\n- Craft knife\n- Mod Podge or clear varnish for sealing.\n*****QUESTION:***** If there is an explanation: Does the explanation include illustrative elements (e.g. examples)?", "index": 1209}, {"instruction": "Output a list of tools needed for a craft.", "input": "The craft is a paper mache toy.", "output": "To create a paper mache toy, you will need: \n\n- Newspapers or magazine pages\n- Balloons or cardboard shapes\n- Scissors\n- Glue or flour paste\n- Water \n- Large bowl or container \n- Paintbrushes \n- Acrylic or craft paint\n- Craft knife\n- Mod Podge or clear varnish for sealing.", "all_data": "*****INSTRUCTION:***** Output a list of tools needed for a craft.\nThe craft is a paper mache toy.\n*****OUTPUT:***** To create a paper mache toy, you will need: \n\n- Newspapers or magazine pages\n- Balloons or cardboard shapes\n- Scissors\n- Glue or flour paste\n- Water \n- Large bowl or container \n- Paintbrushes \n- Acrylic or craft paint\n- Craft knife\n- Mod Podge or clear varnish for sealing.\n*****QUESTION:***** If there is an explanation: Is the explanation misleading (e.g. arguing for a label that is wrong)?", "index": 1210}, {"instruction": "Rewrite the following sentence to make it more vibrant: Mary ate lunch.", "input": "Mary ate lunch.", "output": "\"Mary savored her delicious lunch with delight.\"", "all_data": "*****INSTRUCTION:***** Rewrite the following sentence to make it more vibrant: Mary ate lunch.\nMary ate lunch.\n*****OUTPUT:***** \"Mary savored her delicious lunch with delight.\"\n*****QUESTION:***** Does the output contain an explanation for the prediction?", "index": 1211}, {"instruction": "Rewrite the following sentence to make it more vibrant: Mary ate lunch.", "input": "Mary ate lunch.", "output": "\"Mary savored her delicious lunch with delight.\"", "all_data": "*****INSTRUCTION:***** Rewrite the following sentence to make it more vibrant: Mary ate lunch.\nMary ate lunch.\n*****OUTPUT:***** \"Mary savored her delicious lunch with delight.\"\n*****QUESTION:***** Would you give an explanation/justify your reasoning if you were asked this question by a friend?", "index": 1212}, {"instruction": "Rewrite the following sentence to make it more vibrant: Mary ate lunch.", "input": "Mary ate lunch.", "output": "\"Mary savored her delicious lunch with delight.\"", "all_data": "*****INSTRUCTION:***** Rewrite the following sentence to make it more vibrant: Mary ate lunch.\nMary ate lunch.\n*****OUTPUT:***** \"Mary savored her delicious lunch with delight.\"\n*****QUESTION:***** If there is an explanation: Does the explanation refer to commonsense concepts that are taken as given?", "index": 1213}, {"instruction": "Rewrite the following sentence to make it more vibrant: Mary ate lunch.", "input": "Mary ate lunch.", "output": "\"Mary savored her delicious lunch with delight.\"", "all_data": "*****INSTRUCTION:***** Rewrite the following sentence to make it more vibrant: Mary ate lunch.\nMary ate lunch.\n*****OUTPUT:***** \"Mary savored her delicious lunch with delight.\"\n*****QUESTION:***** If there is an explanation: Does the explanation list contributing factors?", "index": 1214}, {"instruction": "Rewrite the following sentence to make it more vibrant: Mary ate lunch.", "input": "Mary ate lunch.", "output": "\"Mary savored her delicious lunch with delight.\"", "all_data": "*****INSTRUCTION:***** Rewrite the following sentence to make it more vibrant: Mary ate lunch.\nMary ate lunch.\n*****OUTPUT:***** \"Mary savored her delicious lunch with delight.\"\n*****QUESTION:***** If there is an explanation: Does the explanation include subjective or biased criteria?", "index": 1215}, {"instruction": "Rewrite the following sentence to make it more vibrant: Mary ate lunch.", "input": "Mary ate lunch.", "output": "\"Mary savored her delicious lunch with delight.\"", "all_data": "*****INSTRUCTION:***** Rewrite the following sentence to make it more vibrant: Mary ate lunch.\nMary ate lunch.\n*****OUTPUT:***** \"Mary savored her delicious lunch with delight.\"\n*****QUESTION:***** If there is an explanation: Does the explanation include illustrative elements (e.g. examples)?", "index": 1216}, {"instruction": "Rewrite the following sentence to make it more vibrant: Mary ate lunch.", "input": "Mary ate lunch.", "output": "\"Mary savored her delicious lunch with delight.\"", "all_data": "*****INSTRUCTION:***** Rewrite the following sentence to make it more vibrant: Mary ate lunch.\nMary ate lunch.\n*****OUTPUT:***** \"Mary savored her delicious lunch with delight.\"\n*****QUESTION:***** If there is an explanation: Is the explanation misleading (e.g. arguing for a label that is wrong)?", "index": 1217}, {"instruction": "List out the steps to learn a new language", "input": "", "output": "Here are some steps that can guide you as you embark on the journey of learning a new language:\n\n1. Determine your motivation: Start by identifying why you want to learn the language. Do you need it for work or travel? Are you learning it to communicate with friends or family members? This will help you stay motivated and focused as you progress.\n\n2. Set realistic goals: Learning a new language takes time and effort. Set achievable goals that will keep you motivated and help you to measure your progress.\n\n3. Choose a learning method: There are many ways to learn a new language, including in-person classes, online courses, textbooks, language learning apps, or even immersion programs. Choose the method that works best for your learning style and schedule.\n\n4. Build a strong foundation: Start by focusing on the basics, such as grammar, vocabulary, and pronunciation. Use resources such as grammar guides, vocabulary lists, and pronunciation exercises to build a strong foundation in the language.\n\n5. Practice regularly: Language learning requires consistent practice to retain what you\u2019ve learned. Make time in your schedule to practice the language every day, even if it\u2019s just for a few minutes.\n\n6. Immersing yourself in the language: Look for opportunities to use the language in real-life situations. This might include speaking with native speakers, reading books or watching movies in the language, or even traveling to a country where the language is spoken to fully immerse yourself.\n\n7. Seek feedback: Get feedback on your progress from a tutor, teacher, or language exchange partner. This will help you identify areas where you need to improve and keep you motivated to continue learning.\n\n8. Keep learning: Language learning is a lifelong journey. Even once you\u2019ve achieved fluency, there is always more to learn. Keep practicing and seeking out new resources to continue improving your skills.", "all_data": "*****INSTRUCTION:***** List out the steps to learn a new language\n\n*****OUTPUT:***** Here are some steps that can guide you as you embark on the journey of learning a new language:\n\n1. Determine your motivation: Start by identifying why you want to learn the language. Do you need it for work or travel? Are you learning it to communicate with friends or family members? This will help you stay motivated and focused as you progress.\n\n2. Set realistic goals: Learning a new language takes time and effort. Set achievable goals that will keep you motivated and help you to measure your progress.\n\n3. Choose a learning method: There are many ways to learn a new language, including in-person classes, online courses, textbooks, language learning apps, or even immersion programs. Choose the method that works best for your learning style and schedule.\n\n4. Build a strong foundation: Start by focusing on the basics, such as grammar, vocabulary, and pronunciation. Use resources such as grammar guides, vocabulary lists, and pronunciation exercises to build a strong foundation in the language.\n\n5. Practice regularly: Language learning requires consistent practice to retain what you\u2019ve learned. Make time in your schedule to practice the language every day, even if it\u2019s just for a few minutes.\n\n6. Immersing yourself in the language: Look for opportunities to use the language in real-life situations. This might include speaking with native speakers, reading books or watching movies in the language, or even traveling to a country where the language is spoken to fully immerse yourself.\n\n7. Seek feedback: Get feedback on your progress from a tutor, teacher, or language exchange partner. This will help you identify areas where you need to improve and keep you motivated to continue learning.\n\n8. Keep learning: Language learning is a lifelong journey. Even once you\u2019ve achieved fluency, there is always more to learn. Keep practicing and seeking out new resources to continue improving your skills.\n*****QUESTION:***** Does the output contain an explanation for the prediction?", "index": 1218}, {"instruction": "List out the steps to learn a new language", "input": "", "output": "Here are some steps that can guide you as you embark on the journey of learning a new language:\n\n1. Determine your motivation: Start by identifying why you want to learn the language. Do you need it for work or travel? Are you learning it to communicate with friends or family members? This will help you stay motivated and focused as you progress.\n\n2. Set realistic goals: Learning a new language takes time and effort. Set achievable goals that will keep you motivated and help you to measure your progress.\n\n3. Choose a learning method: There are many ways to learn a new language, including in-person classes, online courses, textbooks, language learning apps, or even immersion programs. Choose the method that works best for your learning style and schedule.\n\n4. Build a strong foundation: Start by focusing on the basics, such as grammar, vocabulary, and pronunciation. Use resources such as grammar guides, vocabulary lists, and pronunciation exercises to build a strong foundation in the language.\n\n5. Practice regularly: Language learning requires consistent practice to retain what you\u2019ve learned. Make time in your schedule to practice the language every day, even if it\u2019s just for a few minutes.\n\n6. Immersing yourself in the language: Look for opportunities to use the language in real-life situations. This might include speaking with native speakers, reading books or watching movies in the language, or even traveling to a country where the language is spoken to fully immerse yourself.\n\n7. Seek feedback: Get feedback on your progress from a tutor, teacher, or language exchange partner. This will help you identify areas where you need to improve and keep you motivated to continue learning.\n\n8. Keep learning: Language learning is a lifelong journey. Even once you\u2019ve achieved fluency, there is always more to learn. Keep practicing and seeking out new resources to continue improving your skills.", "all_data": "*****INSTRUCTION:***** List out the steps to learn a new language\n\n*****OUTPUT:***** Here are some steps that can guide you as you embark on the journey of learning a new language:\n\n1. Determine your motivation: Start by identifying why you want to learn the language. Do you need it for work or travel? Are you learning it to communicate with friends or family members? This will help you stay motivated and focused as you progress.\n\n2. Set realistic goals: Learning a new language takes time and effort. Set achievable goals that will keep you motivated and help you to measure your progress.\n\n3. Choose a learning method: There are many ways to learn a new language, including in-person classes, online courses, textbooks, language learning apps, or even immersion programs. Choose the method that works best for your learning style and schedule.\n\n4. Build a strong foundation: Start by focusing on the basics, such as grammar, vocabulary, and pronunciation. Use resources such as grammar guides, vocabulary lists, and pronunciation exercises to build a strong foundation in the language.\n\n5. Practice regularly: Language learning requires consistent practice to retain what you\u2019ve learned. Make time in your schedule to practice the language every day, even if it\u2019s just for a few minutes.\n\n6. Immersing yourself in the language: Look for opportunities to use the language in real-life situations. This might include speaking with native speakers, reading books or watching movies in the language, or even traveling to a country where the language is spoken to fully immerse yourself.\n\n7. Seek feedback: Get feedback on your progress from a tutor, teacher, or language exchange partner. This will help you identify areas where you need to improve and keep you motivated to continue learning.\n\n8. Keep learning: Language learning is a lifelong journey. Even once you\u2019ve achieved fluency, there is always more to learn. Keep practicing and seeking out new resources to continue improving your skills.\n*****QUESTION:***** Would you give an explanation/justify your reasoning if you were asked this question by a friend?", "index": 1219}, {"instruction": "List out the steps to learn a new language", "input": "", "output": "Here are some steps that can guide you as you embark on the journey of learning a new language:\n\n1. Determine your motivation: Start by identifying why you want to learn the language. Do you need it for work or travel? Are you learning it to communicate with friends or family members? This will help you stay motivated and focused as you progress.\n\n2. Set realistic goals: Learning a new language takes time and effort. Set achievable goals that will keep you motivated and help you to measure your progress.\n\n3. Choose a learning method: There are many ways to learn a new language, including in-person classes, online courses, textbooks, language learning apps, or even immersion programs. Choose the method that works best for your learning style and schedule.\n\n4. Build a strong foundation: Start by focusing on the basics, such as grammar, vocabulary, and pronunciation. Use resources such as grammar guides, vocabulary lists, and pronunciation exercises to build a strong foundation in the language.\n\n5. Practice regularly: Language learning requires consistent practice to retain what you\u2019ve learned. Make time in your schedule to practice the language every day, even if it\u2019s just for a few minutes.\n\n6. Immersing yourself in the language: Look for opportunities to use the language in real-life situations. This might include speaking with native speakers, reading books or watching movies in the language, or even traveling to a country where the language is spoken to fully immerse yourself.\n\n7. Seek feedback: Get feedback on your progress from a tutor, teacher, or language exchange partner. This will help you identify areas where you need to improve and keep you motivated to continue learning.\n\n8. Keep learning: Language learning is a lifelong journey. Even once you\u2019ve achieved fluency, there is always more to learn. Keep practicing and seeking out new resources to continue improving your skills.", "all_data": "*****INSTRUCTION:***** List out the steps to learn a new language\n\n*****OUTPUT:***** Here are some steps that can guide you as you embark on the journey of learning a new language:\n\n1. Determine your motivation: Start by identifying why you want to learn the language. Do you need it for work or travel? Are you learning it to communicate with friends or family members? This will help you stay motivated and focused as you progress.\n\n2. Set realistic goals: Learning a new language takes time and effort. Set achievable goals that will keep you motivated and help you to measure your progress.\n\n3. Choose a learning method: There are many ways to learn a new language, including in-person classes, online courses, textbooks, language learning apps, or even immersion programs. Choose the method that works best for your learning style and schedule.\n\n4. Build a strong foundation: Start by focusing on the basics, such as grammar, vocabulary, and pronunciation. Use resources such as grammar guides, vocabulary lists, and pronunciation exercises to build a strong foundation in the language.\n\n5. Practice regularly: Language learning requires consistent practice to retain what you\u2019ve learned. Make time in your schedule to practice the language every day, even if it\u2019s just for a few minutes.\n\n6. Immersing yourself in the language: Look for opportunities to use the language in real-life situations. This might include speaking with native speakers, reading books or watching movies in the language, or even traveling to a country where the language is spoken to fully immerse yourself.\n\n7. Seek feedback: Get feedback on your progress from a tutor, teacher, or language exchange partner. This will help you identify areas where you need to improve and keep you motivated to continue learning.\n\n8. Keep learning: Language learning is a lifelong journey. Even once you\u2019ve achieved fluency, there is always more to learn. Keep practicing and seeking out new resources to continue improving your skills.\n*****QUESTION:***** If there is an explanation: Does the explanation refer to commonsense concepts that are taken as given?", "index": 1220}, {"instruction": "List out the steps to learn a new language", "input": "", "output": "Here are some steps that can guide you as you embark on the journey of learning a new language:\n\n1. Determine your motivation: Start by identifying why you want to learn the language. Do you need it for work or travel? Are you learning it to communicate with friends or family members? This will help you stay motivated and focused as you progress.\n\n2. Set realistic goals: Learning a new language takes time and effort. Set achievable goals that will keep you motivated and help you to measure your progress.\n\n3. Choose a learning method: There are many ways to learn a new language, including in-person classes, online courses, textbooks, language learning apps, or even immersion programs. Choose the method that works best for your learning style and schedule.\n\n4. Build a strong foundation: Start by focusing on the basics, such as grammar, vocabulary, and pronunciation. Use resources such as grammar guides, vocabulary lists, and pronunciation exercises to build a strong foundation in the language.\n\n5. Practice regularly: Language learning requires consistent practice to retain what you\u2019ve learned. Make time in your schedule to practice the language every day, even if it\u2019s just for a few minutes.\n\n6. Immersing yourself in the language: Look for opportunities to use the language in real-life situations. This might include speaking with native speakers, reading books or watching movies in the language, or even traveling to a country where the language is spoken to fully immerse yourself.\n\n7. Seek feedback: Get feedback on your progress from a tutor, teacher, or language exchange partner. This will help you identify areas where you need to improve and keep you motivated to continue learning.\n\n8. Keep learning: Language learning is a lifelong journey. Even once you\u2019ve achieved fluency, there is always more to learn. Keep practicing and seeking out new resources to continue improving your skills.", "all_data": "*****INSTRUCTION:***** List out the steps to learn a new language\n\n*****OUTPUT:***** Here are some steps that can guide you as you embark on the journey of learning a new language:\n\n1. Determine your motivation: Start by identifying why you want to learn the language. Do you need it for work or travel? Are you learning it to communicate with friends or family members? This will help you stay motivated and focused as you progress.\n\n2. Set realistic goals: Learning a new language takes time and effort. Set achievable goals that will keep you motivated and help you to measure your progress.\n\n3. Choose a learning method: There are many ways to learn a new language, including in-person classes, online courses, textbooks, language learning apps, or even immersion programs. Choose the method that works best for your learning style and schedule.\n\n4. Build a strong foundation: Start by focusing on the basics, such as grammar, vocabulary, and pronunciation. Use resources such as grammar guides, vocabulary lists, and pronunciation exercises to build a strong foundation in the language.\n\n5. Practice regularly: Language learning requires consistent practice to retain what you\u2019ve learned. Make time in your schedule to practice the language every day, even if it\u2019s just for a few minutes.\n\n6. Immersing yourself in the language: Look for opportunities to use the language in real-life situations. This might include speaking with native speakers, reading books or watching movies in the language, or even traveling to a country where the language is spoken to fully immerse yourself.\n\n7. Seek feedback: Get feedback on your progress from a tutor, teacher, or language exchange partner. This will help you identify areas where you need to improve and keep you motivated to continue learning.\n\n8. Keep learning: Language learning is a lifelong journey. Even once you\u2019ve achieved fluency, there is always more to learn. Keep practicing and seeking out new resources to continue improving your skills.\n*****QUESTION:***** If there is an explanation: Does the explanation list contributing factors?", "index": 1221}, {"instruction": "List out the steps to learn a new language", "input": "", "output": "Here are some steps that can guide you as you embark on the journey of learning a new language:\n\n1. Determine your motivation: Start by identifying why you want to learn the language. Do you need it for work or travel? Are you learning it to communicate with friends or family members? This will help you stay motivated and focused as you progress.\n\n2. Set realistic goals: Learning a new language takes time and effort. Set achievable goals that will keep you motivated and help you to measure your progress.\n\n3. Choose a learning method: There are many ways to learn a new language, including in-person classes, online courses, textbooks, language learning apps, or even immersion programs. Choose the method that works best for your learning style and schedule.\n\n4. Build a strong foundation: Start by focusing on the basics, such as grammar, vocabulary, and pronunciation. Use resources such as grammar guides, vocabulary lists, and pronunciation exercises to build a strong foundation in the language.\n\n5. Practice regularly: Language learning requires consistent practice to retain what you\u2019ve learned. Make time in your schedule to practice the language every day, even if it\u2019s just for a few minutes.\n\n6. Immersing yourself in the language: Look for opportunities to use the language in real-life situations. This might include speaking with native speakers, reading books or watching movies in the language, or even traveling to a country where the language is spoken to fully immerse yourself.\n\n7. Seek feedback: Get feedback on your progress from a tutor, teacher, or language exchange partner. This will help you identify areas where you need to improve and keep you motivated to continue learning.\n\n8. Keep learning: Language learning is a lifelong journey. Even once you\u2019ve achieved fluency, there is always more to learn. Keep practicing and seeking out new resources to continue improving your skills.", "all_data": "*****INSTRUCTION:***** List out the steps to learn a new language\n\n*****OUTPUT:***** Here are some steps that can guide you as you embark on the journey of learning a new language:\n\n1. Determine your motivation: Start by identifying why you want to learn the language. Do you need it for work or travel? Are you learning it to communicate with friends or family members? This will help you stay motivated and focused as you progress.\n\n2. Set realistic goals: Learning a new language takes time and effort. Set achievable goals that will keep you motivated and help you to measure your progress.\n\n3. Choose a learning method: There are many ways to learn a new language, including in-person classes, online courses, textbooks, language learning apps, or even immersion programs. Choose the method that works best for your learning style and schedule.\n\n4. Build a strong foundation: Start by focusing on the basics, such as grammar, vocabulary, and pronunciation. Use resources such as grammar guides, vocabulary lists, and pronunciation exercises to build a strong foundation in the language.\n\n5. Practice regularly: Language learning requires consistent practice to retain what you\u2019ve learned. Make time in your schedule to practice the language every day, even if it\u2019s just for a few minutes.\n\n6. Immersing yourself in the language: Look for opportunities to use the language in real-life situations. This might include speaking with native speakers, reading books or watching movies in the language, or even traveling to a country where the language is spoken to fully immerse yourself.\n\n7. Seek feedback: Get feedback on your progress from a tutor, teacher, or language exchange partner. This will help you identify areas where you need to improve and keep you motivated to continue learning.\n\n8. Keep learning: Language learning is a lifelong journey. Even once you\u2019ve achieved fluency, there is always more to learn. Keep practicing and seeking out new resources to continue improving your skills.\n*****QUESTION:***** If there is an explanation: Does the explanation include subjective or biased criteria?", "index": 1222}, {"instruction": "List out the steps to learn a new language", "input": "", "output": "Here are some steps that can guide you as you embark on the journey of learning a new language:\n\n1. Determine your motivation: Start by identifying why you want to learn the language. Do you need it for work or travel? Are you learning it to communicate with friends or family members? This will help you stay motivated and focused as you progress.\n\n2. Set realistic goals: Learning a new language takes time and effort. Set achievable goals that will keep you motivated and help you to measure your progress.\n\n3. Choose a learning method: There are many ways to learn a new language, including in-person classes, online courses, textbooks, language learning apps, or even immersion programs. Choose the method that works best for your learning style and schedule.\n\n4. Build a strong foundation: Start by focusing on the basics, such as grammar, vocabulary, and pronunciation. Use resources such as grammar guides, vocabulary lists, and pronunciation exercises to build a strong foundation in the language.\n\n5. Practice regularly: Language learning requires consistent practice to retain what you\u2019ve learned. Make time in your schedule to practice the language every day, even if it\u2019s just for a few minutes.\n\n6. Immersing yourself in the language: Look for opportunities to use the language in real-life situations. This might include speaking with native speakers, reading books or watching movies in the language, or even traveling to a country where the language is spoken to fully immerse yourself.\n\n7. Seek feedback: Get feedback on your progress from a tutor, teacher, or language exchange partner. This will help you identify areas where you need to improve and keep you motivated to continue learning.\n\n8. Keep learning: Language learning is a lifelong journey. Even once you\u2019ve achieved fluency, there is always more to learn. Keep practicing and seeking out new resources to continue improving your skills.", "all_data": "*****INSTRUCTION:***** List out the steps to learn a new language\n\n*****OUTPUT:***** Here are some steps that can guide you as you embark on the journey of learning a new language:\n\n1. Determine your motivation: Start by identifying why you want to learn the language. Do you need it for work or travel? Are you learning it to communicate with friends or family members? This will help you stay motivated and focused as you progress.\n\n2. Set realistic goals: Learning a new language takes time and effort. Set achievable goals that will keep you motivated and help you to measure your progress.\n\n3. Choose a learning method: There are many ways to learn a new language, including in-person classes, online courses, textbooks, language learning apps, or even immersion programs. Choose the method that works best for your learning style and schedule.\n\n4. Build a strong foundation: Start by focusing on the basics, such as grammar, vocabulary, and pronunciation. Use resources such as grammar guides, vocabulary lists, and pronunciation exercises to build a strong foundation in the language.\n\n5. Practice regularly: Language learning requires consistent practice to retain what you\u2019ve learned. Make time in your schedule to practice the language every day, even if it\u2019s just for a few minutes.\n\n6. Immersing yourself in the language: Look for opportunities to use the language in real-life situations. This might include speaking with native speakers, reading books or watching movies in the language, or even traveling to a country where the language is spoken to fully immerse yourself.\n\n7. Seek feedback: Get feedback on your progress from a tutor, teacher, or language exchange partner. This will help you identify areas where you need to improve and keep you motivated to continue learning.\n\n8. Keep learning: Language learning is a lifelong journey. Even once you\u2019ve achieved fluency, there is always more to learn. Keep practicing and seeking out new resources to continue improving your skills.\n*****QUESTION:***** If there is an explanation: Does the explanation include illustrative elements (e.g. examples)?", "index": 1223}, {"instruction": "List out the steps to learn a new language", "input": "", "output": "Here are some steps that can guide you as you embark on the journey of learning a new language:\n\n1. Determine your motivation: Start by identifying why you want to learn the language. Do you need it for work or travel? Are you learning it to communicate with friends or family members? This will help you stay motivated and focused as you progress.\n\n2. Set realistic goals: Learning a new language takes time and effort. Set achievable goals that will keep you motivated and help you to measure your progress.\n\n3. Choose a learning method: There are many ways to learn a new language, including in-person classes, online courses, textbooks, language learning apps, or even immersion programs. Choose the method that works best for your learning style and schedule.\n\n4. Build a strong foundation: Start by focusing on the basics, such as grammar, vocabulary, and pronunciation. Use resources such as grammar guides, vocabulary lists, and pronunciation exercises to build a strong foundation in the language.\n\n5. Practice regularly: Language learning requires consistent practice to retain what you\u2019ve learned. Make time in your schedule to practice the language every day, even if it\u2019s just for a few minutes.\n\n6. Immersing yourself in the language: Look for opportunities to use the language in real-life situations. This might include speaking with native speakers, reading books or watching movies in the language, or even traveling to a country where the language is spoken to fully immerse yourself.\n\n7. Seek feedback: Get feedback on your progress from a tutor, teacher, or language exchange partner. This will help you identify areas where you need to improve and keep you motivated to continue learning.\n\n8. Keep learning: Language learning is a lifelong journey. Even once you\u2019ve achieved fluency, there is always more to learn. Keep practicing and seeking out new resources to continue improving your skills.", "all_data": "*****INSTRUCTION:***** List out the steps to learn a new language\n\n*****OUTPUT:***** Here are some steps that can guide you as you embark on the journey of learning a new language:\n\n1. Determine your motivation: Start by identifying why you want to learn the language. Do you need it for work or travel? Are you learning it to communicate with friends or family members? This will help you stay motivated and focused as you progress.\n\n2. Set realistic goals: Learning a new language takes time and effort. Set achievable goals that will keep you motivated and help you to measure your progress.\n\n3. Choose a learning method: There are many ways to learn a new language, including in-person classes, online courses, textbooks, language learning apps, or even immersion programs. Choose the method that works best for your learning style and schedule.\n\n4. Build a strong foundation: Start by focusing on the basics, such as grammar, vocabulary, and pronunciation. Use resources such as grammar guides, vocabulary lists, and pronunciation exercises to build a strong foundation in the language.\n\n5. Practice regularly: Language learning requires consistent practice to retain what you\u2019ve learned. Make time in your schedule to practice the language every day, even if it\u2019s just for a few minutes.\n\n6. Immersing yourself in the language: Look for opportunities to use the language in real-life situations. This might include speaking with native speakers, reading books or watching movies in the language, or even traveling to a country where the language is spoken to fully immerse yourself.\n\n7. Seek feedback: Get feedback on your progress from a tutor, teacher, or language exchange partner. This will help you identify areas where you need to improve and keep you motivated to continue learning.\n\n8. Keep learning: Language learning is a lifelong journey. Even once you\u2019ve achieved fluency, there is always more to learn. Keep practicing and seeking out new resources to continue improving your skills.\n*****QUESTION:***** If there is an explanation: Is the explanation misleading (e.g. arguing for a label that is wrong)?", "index": 1224}, {"instruction": "Give appropriate input values to this equation: $y=2x^2 - 4x + 1$", "input": "", "output": "There are an infinite number of possible input values that could be used for the variable x in the quadratic equation $y=2x^2 - 4x + 1$. Here are some examples of input values and the resulting values of y:\n\n- If x = 0, then y = 2(0)^2 - 4(0) + 1 = 1\n- If x = 1, then y = 2(1)^2 - 4(1) + 1 = -1\n- If x = 2, then y = 2(2)^2 - 4(2) + 1 = 1\n- If x = 3, then y = 2(3)^2 - 4(3) + 1 = 7\n- If x = -1, then y = 2(-1)^2 - 4(-1) + 1 = 7\n\nThese are just a few examples of the many possible input values for the variable x in this equation.", "all_data": "*****INSTRUCTION:***** Give appropriate input values to this equation: $y=2x^2 - 4x + 1$\n\n*****OUTPUT:***** There are an infinite number of possible input values that could be used for the variable x in the quadratic equation $y=2x^2 - 4x + 1$. Here are some examples of input values and the resulting values of y:\n\n- If x = 0, then y = 2(0)^2 - 4(0) + 1 = 1\n- If x = 1, then y = 2(1)^2 - 4(1) + 1 = -1\n- If x = 2, then y = 2(2)^2 - 4(2) + 1 = 1\n- If x = 3, then y = 2(3)^2 - 4(3) + 1 = 7\n- If x = -1, then y = 2(-1)^2 - 4(-1) + 1 = 7\n\nThese are just a few examples of the many possible input values for the variable x in this equation.\n*****QUESTION:***** Does the output contain an explanation for the prediction?", "index": 1225}, {"instruction": "Give appropriate input values to this equation: $y=2x^2 - 4x + 1$", "input": "", "output": "There are an infinite number of possible input values that could be used for the variable x in the quadratic equation $y=2x^2 - 4x + 1$. Here are some examples of input values and the resulting values of y:\n\n- If x = 0, then y = 2(0)^2 - 4(0) + 1 = 1\n- If x = 1, then y = 2(1)^2 - 4(1) + 1 = -1\n- If x = 2, then y = 2(2)^2 - 4(2) + 1 = 1\n- If x = 3, then y = 2(3)^2 - 4(3) + 1 = 7\n- If x = -1, then y = 2(-1)^2 - 4(-1) + 1 = 7\n\nThese are just a few examples of the many possible input values for the variable x in this equation.", "all_data": "*****INSTRUCTION:***** Give appropriate input values to this equation: $y=2x^2 - 4x + 1$\n\n*****OUTPUT:***** There are an infinite number of possible input values that could be used for the variable x in the quadratic equation $y=2x^2 - 4x + 1$. Here are some examples of input values and the resulting values of y:\n\n- If x = 0, then y = 2(0)^2 - 4(0) + 1 = 1\n- If x = 1, then y = 2(1)^2 - 4(1) + 1 = -1\n- If x = 2, then y = 2(2)^2 - 4(2) + 1 = 1\n- If x = 3, then y = 2(3)^2 - 4(3) + 1 = 7\n- If x = -1, then y = 2(-1)^2 - 4(-1) + 1 = 7\n\nThese are just a few examples of the many possible input values for the variable x in this equation.\n*****QUESTION:***** Would you give an explanation/justify your reasoning if you were asked this question by a friend?", "index": 1226}, {"instruction": "Give appropriate input values to this equation: $y=2x^2 - 4x + 1$", "input": "", "output": "There are an infinite number of possible input values that could be used for the variable x in the quadratic equation $y=2x^2 - 4x + 1$. Here are some examples of input values and the resulting values of y:\n\n- If x = 0, then y = 2(0)^2 - 4(0) + 1 = 1\n- If x = 1, then y = 2(1)^2 - 4(1) + 1 = -1\n- If x = 2, then y = 2(2)^2 - 4(2) + 1 = 1\n- If x = 3, then y = 2(3)^2 - 4(3) + 1 = 7\n- If x = -1, then y = 2(-1)^2 - 4(-1) + 1 = 7\n\nThese are just a few examples of the many possible input values for the variable x in this equation.", "all_data": "*****INSTRUCTION:***** Give appropriate input values to this equation: $y=2x^2 - 4x + 1$\n\n*****OUTPUT:***** There are an infinite number of possible input values that could be used for the variable x in the quadratic equation $y=2x^2 - 4x + 1$. Here are some examples of input values and the resulting values of y:\n\n- If x = 0, then y = 2(0)^2 - 4(0) + 1 = 1\n- If x = 1, then y = 2(1)^2 - 4(1) + 1 = -1\n- If x = 2, then y = 2(2)^2 - 4(2) + 1 = 1\n- If x = 3, then y = 2(3)^2 - 4(3) + 1 = 7\n- If x = -1, then y = 2(-1)^2 - 4(-1) + 1 = 7\n\nThese are just a few examples of the many possible input values for the variable x in this equation.\n*****QUESTION:***** If there is an explanation: Does the explanation refer to commonsense concepts that are taken as given?", "index": 1227}, {"instruction": "Give appropriate input values to this equation: $y=2x^2 - 4x + 1$", "input": "", "output": "There are an infinite number of possible input values that could be used for the variable x in the quadratic equation $y=2x^2 - 4x + 1$. Here are some examples of input values and the resulting values of y:\n\n- If x = 0, then y = 2(0)^2 - 4(0) + 1 = 1\n- If x = 1, then y = 2(1)^2 - 4(1) + 1 = -1\n- If x = 2, then y = 2(2)^2 - 4(2) + 1 = 1\n- If x = 3, then y = 2(3)^2 - 4(3) + 1 = 7\n- If x = -1, then y = 2(-1)^2 - 4(-1) + 1 = 7\n\nThese are just a few examples of the many possible input values for the variable x in this equation.", "all_data": "*****INSTRUCTION:***** Give appropriate input values to this equation: $y=2x^2 - 4x + 1$\n\n*****OUTPUT:***** There are an infinite number of possible input values that could be used for the variable x in the quadratic equation $y=2x^2 - 4x + 1$. Here are some examples of input values and the resulting values of y:\n\n- If x = 0, then y = 2(0)^2 - 4(0) + 1 = 1\n- If x = 1, then y = 2(1)^2 - 4(1) + 1 = -1\n- If x = 2, then y = 2(2)^2 - 4(2) + 1 = 1\n- If x = 3, then y = 2(3)^2 - 4(3) + 1 = 7\n- If x = -1, then y = 2(-1)^2 - 4(-1) + 1 = 7\n\nThese are just a few examples of the many possible input values for the variable x in this equation.\n*****QUESTION:***** If there is an explanation: Does the explanation list contributing factors?", "index": 1228}, {"instruction": "Give appropriate input values to this equation: $y=2x^2 - 4x + 1$", "input": "", "output": "There are an infinite number of possible input values that could be used for the variable x in the quadratic equation $y=2x^2 - 4x + 1$. Here are some examples of input values and the resulting values of y:\n\n- If x = 0, then y = 2(0)^2 - 4(0) + 1 = 1\n- If x = 1, then y = 2(1)^2 - 4(1) + 1 = -1\n- If x = 2, then y = 2(2)^2 - 4(2) + 1 = 1\n- If x = 3, then y = 2(3)^2 - 4(3) + 1 = 7\n- If x = -1, then y = 2(-1)^2 - 4(-1) + 1 = 7\n\nThese are just a few examples of the many possible input values for the variable x in this equation.", "all_data": "*****INSTRUCTION:***** Give appropriate input values to this equation: $y=2x^2 - 4x + 1$\n\n*****OUTPUT:***** There are an infinite number of possible input values that could be used for the variable x in the quadratic equation $y=2x^2 - 4x + 1$. Here are some examples of input values and the resulting values of y:\n\n- If x = 0, then y = 2(0)^2 - 4(0) + 1 = 1\n- If x = 1, then y = 2(1)^2 - 4(1) + 1 = -1\n- If x = 2, then y = 2(2)^2 - 4(2) + 1 = 1\n- If x = 3, then y = 2(3)^2 - 4(3) + 1 = 7\n- If x = -1, then y = 2(-1)^2 - 4(-1) + 1 = 7\n\nThese are just a few examples of the many possible input values for the variable x in this equation.\n*****QUESTION:***** If there is an explanation: Does the explanation include subjective or biased criteria?", "index": 1229}, {"instruction": "Give appropriate input values to this equation: $y=2x^2 - 4x + 1$", "input": "", "output": "There are an infinite number of possible input values that could be used for the variable x in the quadratic equation $y=2x^2 - 4x + 1$. Here are some examples of input values and the resulting values of y:\n\n- If x = 0, then y = 2(0)^2 - 4(0) + 1 = 1\n- If x = 1, then y = 2(1)^2 - 4(1) + 1 = -1\n- If x = 2, then y = 2(2)^2 - 4(2) + 1 = 1\n- If x = 3, then y = 2(3)^2 - 4(3) + 1 = 7\n- If x = -1, then y = 2(-1)^2 - 4(-1) + 1 = 7\n\nThese are just a few examples of the many possible input values for the variable x in this equation.", "all_data": "*****INSTRUCTION:***** Give appropriate input values to this equation: $y=2x^2 - 4x + 1$\n\n*****OUTPUT:***** There are an infinite number of possible input values that could be used for the variable x in the quadratic equation $y=2x^2 - 4x + 1$. Here are some examples of input values and the resulting values of y:\n\n- If x = 0, then y = 2(0)^2 - 4(0) + 1 = 1\n- If x = 1, then y = 2(1)^2 - 4(1) + 1 = -1\n- If x = 2, then y = 2(2)^2 - 4(2) + 1 = 1\n- If x = 3, then y = 2(3)^2 - 4(3) + 1 = 7\n- If x = -1, then y = 2(-1)^2 - 4(-1) + 1 = 7\n\nThese are just a few examples of the many possible input values for the variable x in this equation.\n*****QUESTION:***** If there is an explanation: Does the explanation include illustrative elements (e.g. examples)?", "index": 1230}, {"instruction": "Give appropriate input values to this equation: $y=2x^2 - 4x + 1$", "input": "", "output": "There are an infinite number of possible input values that could be used for the variable x in the quadratic equation $y=2x^2 - 4x + 1$. Here are some examples of input values and the resulting values of y:\n\n- If x = 0, then y = 2(0)^2 - 4(0) + 1 = 1\n- If x = 1, then y = 2(1)^2 - 4(1) + 1 = -1\n- If x = 2, then y = 2(2)^2 - 4(2) + 1 = 1\n- If x = 3, then y = 2(3)^2 - 4(3) + 1 = 7\n- If x = -1, then y = 2(-1)^2 - 4(-1) + 1 = 7\n\nThese are just a few examples of the many possible input values for the variable x in this equation.", "all_data": "*****INSTRUCTION:***** Give appropriate input values to this equation: $y=2x^2 - 4x + 1$\n\n*****OUTPUT:***** There are an infinite number of possible input values that could be used for the variable x in the quadratic equation $y=2x^2 - 4x + 1$. Here are some examples of input values and the resulting values of y:\n\n- If x = 0, then y = 2(0)^2 - 4(0) + 1 = 1\n- If x = 1, then y = 2(1)^2 - 4(1) + 1 = -1\n- If x = 2, then y = 2(2)^2 - 4(2) + 1 = 1\n- If x = 3, then y = 2(3)^2 - 4(3) + 1 = 7\n- If x = -1, then y = 2(-1)^2 - 4(-1) + 1 = 7\n\nThese are just a few examples of the many possible input values for the variable x in this equation.\n*****QUESTION:***** If there is an explanation: Is the explanation misleading (e.g. arguing for a label that is wrong)?", "index": 1231}, {"instruction": "Create a historical analogy for the current COVID-19 pandemic.", "input": "", "output": "One historical analogy for the current COVID-19 pandemic could be the 1918 influenza pandemic, also known as the Spanish Flu. Like COVID-19, the Spanish Flu was a highly contagious respiratory illness caused by a novel virus. It spread rapidly around the world and resulted in a significant loss of life - estimates range from 17 to 50 million deaths globally. Similar to today's pandemic, public health measures such as quarantines, social distancing, and mask-wearing were used to try and slow the spread of the disease. Additionally, the Spanish Flu had a profound impact on society, causing disruptions to economies, education, and everyday life. The lessons learned from the 1918 pandemic have been instructive in helping authorities respond to the current COVID-19 outbreak, and the similarities between the two events serve as a stark reminder of the continuing threat posed by infectious diseases.", "all_data": "*****INSTRUCTION:***** Create a historical analogy for the current COVID-19 pandemic.\n\n*****OUTPUT:***** One historical analogy for the current COVID-19 pandemic could be the 1918 influenza pandemic, also known as the Spanish Flu. Like COVID-19, the Spanish Flu was a highly contagious respiratory illness caused by a novel virus. It spread rapidly around the world and resulted in a significant loss of life - estimates range from 17 to 50 million deaths globally. Similar to today's pandemic, public health measures such as quarantines, social distancing, and mask-wearing were used to try and slow the spread of the disease. Additionally, the Spanish Flu had a profound impact on society, causing disruptions to economies, education, and everyday life. The lessons learned from the 1918 pandemic have been instructive in helping authorities respond to the current COVID-19 outbreak, and the similarities between the two events serve as a stark reminder of the continuing threat posed by infectious diseases.\n*****QUESTION:***** Does the output contain an explanation for the prediction?", "index": 1232}, {"instruction": "Create a historical analogy for the current COVID-19 pandemic.", "input": "", "output": "One historical analogy for the current COVID-19 pandemic could be the 1918 influenza pandemic, also known as the Spanish Flu. Like COVID-19, the Spanish Flu was a highly contagious respiratory illness caused by a novel virus. It spread rapidly around the world and resulted in a significant loss of life - estimates range from 17 to 50 million deaths globally. Similar to today's pandemic, public health measures such as quarantines, social distancing, and mask-wearing were used to try and slow the spread of the disease. Additionally, the Spanish Flu had a profound impact on society, causing disruptions to economies, education, and everyday life. The lessons learned from the 1918 pandemic have been instructive in helping authorities respond to the current COVID-19 outbreak, and the similarities between the two events serve as a stark reminder of the continuing threat posed by infectious diseases.", "all_data": "*****INSTRUCTION:***** Create a historical analogy for the current COVID-19 pandemic.\n\n*****OUTPUT:***** One historical analogy for the current COVID-19 pandemic could be the 1918 influenza pandemic, also known as the Spanish Flu. Like COVID-19, the Spanish Flu was a highly contagious respiratory illness caused by a novel virus. It spread rapidly around the world and resulted in a significant loss of life - estimates range from 17 to 50 million deaths globally. Similar to today's pandemic, public health measures such as quarantines, social distancing, and mask-wearing were used to try and slow the spread of the disease. Additionally, the Spanish Flu had a profound impact on society, causing disruptions to economies, education, and everyday life. The lessons learned from the 1918 pandemic have been instructive in helping authorities respond to the current COVID-19 outbreak, and the similarities between the two events serve as a stark reminder of the continuing threat posed by infectious diseases.\n*****QUESTION:***** Would you give an explanation/justify your reasoning if you were asked this question by a friend?", "index": 1233}, {"instruction": "Create a historical analogy for the current COVID-19 pandemic.", "input": "", "output": "One historical analogy for the current COVID-19 pandemic could be the 1918 influenza pandemic, also known as the Spanish Flu. Like COVID-19, the Spanish Flu was a highly contagious respiratory illness caused by a novel virus. It spread rapidly around the world and resulted in a significant loss of life - estimates range from 17 to 50 million deaths globally. Similar to today's pandemic, public health measures such as quarantines, social distancing, and mask-wearing were used to try and slow the spread of the disease. Additionally, the Spanish Flu had a profound impact on society, causing disruptions to economies, education, and everyday life. The lessons learned from the 1918 pandemic have been instructive in helping authorities respond to the current COVID-19 outbreak, and the similarities between the two events serve as a stark reminder of the continuing threat posed by infectious diseases.", "all_data": "*****INSTRUCTION:***** Create a historical analogy for the current COVID-19 pandemic.\n\n*****OUTPUT:***** One historical analogy for the current COVID-19 pandemic could be the 1918 influenza pandemic, also known as the Spanish Flu. Like COVID-19, the Spanish Flu was a highly contagious respiratory illness caused by a novel virus. It spread rapidly around the world and resulted in a significant loss of life - estimates range from 17 to 50 million deaths globally. Similar to today's pandemic, public health measures such as quarantines, social distancing, and mask-wearing were used to try and slow the spread of the disease. Additionally, the Spanish Flu had a profound impact on society, causing disruptions to economies, education, and everyday life. The lessons learned from the 1918 pandemic have been instructive in helping authorities respond to the current COVID-19 outbreak, and the similarities between the two events serve as a stark reminder of the continuing threat posed by infectious diseases.\n*****QUESTION:***** If there is an explanation: Does the explanation refer to commonsense concepts that are taken as given?", "index": 1234}, {"instruction": "Create a historical analogy for the current COVID-19 pandemic.", "input": "", "output": "One historical analogy for the current COVID-19 pandemic could be the 1918 influenza pandemic, also known as the Spanish Flu. Like COVID-19, the Spanish Flu was a highly contagious respiratory illness caused by a novel virus. It spread rapidly around the world and resulted in a significant loss of life - estimates range from 17 to 50 million deaths globally. Similar to today's pandemic, public health measures such as quarantines, social distancing, and mask-wearing were used to try and slow the spread of the disease. Additionally, the Spanish Flu had a profound impact on society, causing disruptions to economies, education, and everyday life. The lessons learned from the 1918 pandemic have been instructive in helping authorities respond to the current COVID-19 outbreak, and the similarities between the two events serve as a stark reminder of the continuing threat posed by infectious diseases.", "all_data": "*****INSTRUCTION:***** Create a historical analogy for the current COVID-19 pandemic.\n\n*****OUTPUT:***** One historical analogy for the current COVID-19 pandemic could be the 1918 influenza pandemic, also known as the Spanish Flu. Like COVID-19, the Spanish Flu was a highly contagious respiratory illness caused by a novel virus. It spread rapidly around the world and resulted in a significant loss of life - estimates range from 17 to 50 million deaths globally. Similar to today's pandemic, public health measures such as quarantines, social distancing, and mask-wearing were used to try and slow the spread of the disease. Additionally, the Spanish Flu had a profound impact on society, causing disruptions to economies, education, and everyday life. The lessons learned from the 1918 pandemic have been instructive in helping authorities respond to the current COVID-19 outbreak, and the similarities between the two events serve as a stark reminder of the continuing threat posed by infectious diseases.\n*****QUESTION:***** If there is an explanation: Does the explanation list contributing factors?", "index": 1235}, {"instruction": "Create a historical analogy for the current COVID-19 pandemic.", "input": "", "output": "One historical analogy for the current COVID-19 pandemic could be the 1918 influenza pandemic, also known as the Spanish Flu. Like COVID-19, the Spanish Flu was a highly contagious respiratory illness caused by a novel virus. It spread rapidly around the world and resulted in a significant loss of life - estimates range from 17 to 50 million deaths globally. Similar to today's pandemic, public health measures such as quarantines, social distancing, and mask-wearing were used to try and slow the spread of the disease. Additionally, the Spanish Flu had a profound impact on society, causing disruptions to economies, education, and everyday life. The lessons learned from the 1918 pandemic have been instructive in helping authorities respond to the current COVID-19 outbreak, and the similarities between the two events serve as a stark reminder of the continuing threat posed by infectious diseases.", "all_data": "*****INSTRUCTION:***** Create a historical analogy for the current COVID-19 pandemic.\n\n*****OUTPUT:***** One historical analogy for the current COVID-19 pandemic could be the 1918 influenza pandemic, also known as the Spanish Flu. Like COVID-19, the Spanish Flu was a highly contagious respiratory illness caused by a novel virus. It spread rapidly around the world and resulted in a significant loss of life - estimates range from 17 to 50 million deaths globally. Similar to today's pandemic, public health measures such as quarantines, social distancing, and mask-wearing were used to try and slow the spread of the disease. Additionally, the Spanish Flu had a profound impact on society, causing disruptions to economies, education, and everyday life. The lessons learned from the 1918 pandemic have been instructive in helping authorities respond to the current COVID-19 outbreak, and the similarities between the two events serve as a stark reminder of the continuing threat posed by infectious diseases.\n*****QUESTION:***** If there is an explanation: Does the explanation include subjective or biased criteria?", "index": 1236}, {"instruction": "Create a historical analogy for the current COVID-19 pandemic.", "input": "", "output": "One historical analogy for the current COVID-19 pandemic could be the 1918 influenza pandemic, also known as the Spanish Flu. Like COVID-19, the Spanish Flu was a highly contagious respiratory illness caused by a novel virus. It spread rapidly around the world and resulted in a significant loss of life - estimates range from 17 to 50 million deaths globally. Similar to today's pandemic, public health measures such as quarantines, social distancing, and mask-wearing were used to try and slow the spread of the disease. Additionally, the Spanish Flu had a profound impact on society, causing disruptions to economies, education, and everyday life. The lessons learned from the 1918 pandemic have been instructive in helping authorities respond to the current COVID-19 outbreak, and the similarities between the two events serve as a stark reminder of the continuing threat posed by infectious diseases.", "all_data": "*****INSTRUCTION:***** Create a historical analogy for the current COVID-19 pandemic.\n\n*****OUTPUT:***** One historical analogy for the current COVID-19 pandemic could be the 1918 influenza pandemic, also known as the Spanish Flu. Like COVID-19, the Spanish Flu was a highly contagious respiratory illness caused by a novel virus. It spread rapidly around the world and resulted in a significant loss of life - estimates range from 17 to 50 million deaths globally. Similar to today's pandemic, public health measures such as quarantines, social distancing, and mask-wearing were used to try and slow the spread of the disease. Additionally, the Spanish Flu had a profound impact on society, causing disruptions to economies, education, and everyday life. The lessons learned from the 1918 pandemic have been instructive in helping authorities respond to the current COVID-19 outbreak, and the similarities between the two events serve as a stark reminder of the continuing threat posed by infectious diseases.\n*****QUESTION:***** If there is an explanation: Does the explanation include illustrative elements (e.g. examples)?", "index": 1237}, {"instruction": "Create a historical analogy for the current COVID-19 pandemic.", "input": "", "output": "One historical analogy for the current COVID-19 pandemic could be the 1918 influenza pandemic, also known as the Spanish Flu. Like COVID-19, the Spanish Flu was a highly contagious respiratory illness caused by a novel virus. It spread rapidly around the world and resulted in a significant loss of life - estimates range from 17 to 50 million deaths globally. Similar to today's pandemic, public health measures such as quarantines, social distancing, and mask-wearing were used to try and slow the spread of the disease. Additionally, the Spanish Flu had a profound impact on society, causing disruptions to economies, education, and everyday life. The lessons learned from the 1918 pandemic have been instructive in helping authorities respond to the current COVID-19 outbreak, and the similarities between the two events serve as a stark reminder of the continuing threat posed by infectious diseases.", "all_data": "*****INSTRUCTION:***** Create a historical analogy for the current COVID-19 pandemic.\n\n*****OUTPUT:***** One historical analogy for the current COVID-19 pandemic could be the 1918 influenza pandemic, also known as the Spanish Flu. Like COVID-19, the Spanish Flu was a highly contagious respiratory illness caused by a novel virus. It spread rapidly around the world and resulted in a significant loss of life - estimates range from 17 to 50 million deaths globally. Similar to today's pandemic, public health measures such as quarantines, social distancing, and mask-wearing were used to try and slow the spread of the disease. Additionally, the Spanish Flu had a profound impact on society, causing disruptions to economies, education, and everyday life. The lessons learned from the 1918 pandemic have been instructive in helping authorities respond to the current COVID-19 outbreak, and the similarities between the two events serve as a stark reminder of the continuing threat posed by infectious diseases.\n*****QUESTION:***** If there is an explanation: Is the explanation misleading (e.g. arguing for a label that is wrong)?", "index": 1238}, {"instruction": "Suggest a few affordable healthy meal ideas for working parents.", "input": "", "output": "1. One-Pot Chicken and Broccoli Rice: Cook a mixture of brown rice, broccoli, shredded chicken, and spices for a quick and easy one-pot meal loaded with protein and fiber.\n\n2. Veggie and Hummus Sandwich: A simple and easy-to-assemble sandwich filled with hummus, whole grain bread, and an assortment of vegetables such as lettuce, cucumbers, tomatoes, and bell peppers for a healthy and filling lunch.\n\n3. Make-Ahead Salad Bowls: Prepare salad bowls in advance using greens, roasted vegetables, cooked quinoa, and a protein source like boiled eggs or baked tofu for a grab-and-go meal packed with vitamins and minerals.\n\n4. Egg Fried Cauliflower Rice: Replace regular rice with cauliflower rice and stir fry with eggs and mixed vegetables for a healthy low-carb dinner option.\n\n5. Slow Cooker Lentil Soup: Combine lentils, vegetables, broth, and spices in a slow cooker, and serve with whole grain bread for a hearty and satisfying meal without much effort.\n\nThese ideas are not only affordable but also easy and convenient for working parents, providing the nutrients needed to keep the family healthy and active.", "all_data": "*****INSTRUCTION:***** Suggest a few affordable healthy meal ideas for working parents.\n\n*****OUTPUT:***** 1. One-Pot Chicken and Broccoli Rice: Cook a mixture of brown rice, broccoli, shredded chicken, and spices for a quick and easy one-pot meal loaded with protein and fiber.\n\n2. Veggie and Hummus Sandwich: A simple and easy-to-assemble sandwich filled with hummus, whole grain bread, and an assortment of vegetables such as lettuce, cucumbers, tomatoes, and bell peppers for a healthy and filling lunch.\n\n3. Make-Ahead Salad Bowls: Prepare salad bowls in advance using greens, roasted vegetables, cooked quinoa, and a protein source like boiled eggs or baked tofu for a grab-and-go meal packed with vitamins and minerals.\n\n4. Egg Fried Cauliflower Rice: Replace regular rice with cauliflower rice and stir fry with eggs and mixed vegetables for a healthy low-carb dinner option.\n\n5. Slow Cooker Lentil Soup: Combine lentils, vegetables, broth, and spices in a slow cooker, and serve with whole grain bread for a hearty and satisfying meal without much effort.\n\nThese ideas are not only affordable but also easy and convenient for working parents, providing the nutrients needed to keep the family healthy and active.\n*****QUESTION:***** Does the output contain an explanation for the prediction?", "index": 1239}, {"instruction": "Suggest a few affordable healthy meal ideas for working parents.", "input": "", "output": "1. One-Pot Chicken and Broccoli Rice: Cook a mixture of brown rice, broccoli, shredded chicken, and spices for a quick and easy one-pot meal loaded with protein and fiber.\n\n2. Veggie and Hummus Sandwich: A simple and easy-to-assemble sandwich filled with hummus, whole grain bread, and an assortment of vegetables such as lettuce, cucumbers, tomatoes, and bell peppers for a healthy and filling lunch.\n\n3. Make-Ahead Salad Bowls: Prepare salad bowls in advance using greens, roasted vegetables, cooked quinoa, and a protein source like boiled eggs or baked tofu for a grab-and-go meal packed with vitamins and minerals.\n\n4. Egg Fried Cauliflower Rice: Replace regular rice with cauliflower rice and stir fry with eggs and mixed vegetables for a healthy low-carb dinner option.\n\n5. Slow Cooker Lentil Soup: Combine lentils, vegetables, broth, and spices in a slow cooker, and serve with whole grain bread for a hearty and satisfying meal without much effort.\n\nThese ideas are not only affordable but also easy and convenient for working parents, providing the nutrients needed to keep the family healthy and active.", "all_data": "*****INSTRUCTION:***** Suggest a few affordable healthy meal ideas for working parents.\n\n*****OUTPUT:***** 1. One-Pot Chicken and Broccoli Rice: Cook a mixture of brown rice, broccoli, shredded chicken, and spices for a quick and easy one-pot meal loaded with protein and fiber.\n\n2. Veggie and Hummus Sandwich: A simple and easy-to-assemble sandwich filled with hummus, whole grain bread, and an assortment of vegetables such as lettuce, cucumbers, tomatoes, and bell peppers for a healthy and filling lunch.\n\n3. Make-Ahead Salad Bowls: Prepare salad bowls in advance using greens, roasted vegetables, cooked quinoa, and a protein source like boiled eggs or baked tofu for a grab-and-go meal packed with vitamins and minerals.\n\n4. Egg Fried Cauliflower Rice: Replace regular rice with cauliflower rice and stir fry with eggs and mixed vegetables for a healthy low-carb dinner option.\n\n5. Slow Cooker Lentil Soup: Combine lentils, vegetables, broth, and spices in a slow cooker, and serve with whole grain bread for a hearty and satisfying meal without much effort.\n\nThese ideas are not only affordable but also easy and convenient for working parents, providing the nutrients needed to keep the family healthy and active.\n*****QUESTION:***** Would you give an explanation/justify your reasoning if you were asked this question by a friend?", "index": 1240}, {"instruction": "Suggest a few affordable healthy meal ideas for working parents.", "input": "", "output": "1. One-Pot Chicken and Broccoli Rice: Cook a mixture of brown rice, broccoli, shredded chicken, and spices for a quick and easy one-pot meal loaded with protein and fiber.\n\n2. Veggie and Hummus Sandwich: A simple and easy-to-assemble sandwich filled with hummus, whole grain bread, and an assortment of vegetables such as lettuce, cucumbers, tomatoes, and bell peppers for a healthy and filling lunch.\n\n3. Make-Ahead Salad Bowls: Prepare salad bowls in advance using greens, roasted vegetables, cooked quinoa, and a protein source like boiled eggs or baked tofu for a grab-and-go meal packed with vitamins and minerals.\n\n4. Egg Fried Cauliflower Rice: Replace regular rice with cauliflower rice and stir fry with eggs and mixed vegetables for a healthy low-carb dinner option.\n\n5. Slow Cooker Lentil Soup: Combine lentils, vegetables, broth, and spices in a slow cooker, and serve with whole grain bread for a hearty and satisfying meal without much effort.\n\nThese ideas are not only affordable but also easy and convenient for working parents, providing the nutrients needed to keep the family healthy and active.", "all_data": "*****INSTRUCTION:***** Suggest a few affordable healthy meal ideas for working parents.\n\n*****OUTPUT:***** 1. One-Pot Chicken and Broccoli Rice: Cook a mixture of brown rice, broccoli, shredded chicken, and spices for a quick and easy one-pot meal loaded with protein and fiber.\n\n2. Veggie and Hummus Sandwich: A simple and easy-to-assemble sandwich filled with hummus, whole grain bread, and an assortment of vegetables such as lettuce, cucumbers, tomatoes, and bell peppers for a healthy and filling lunch.\n\n3. Make-Ahead Salad Bowls: Prepare salad bowls in advance using greens, roasted vegetables, cooked quinoa, and a protein source like boiled eggs or baked tofu for a grab-and-go meal packed with vitamins and minerals.\n\n4. Egg Fried Cauliflower Rice: Replace regular rice with cauliflower rice and stir fry with eggs and mixed vegetables for a healthy low-carb dinner option.\n\n5. Slow Cooker Lentil Soup: Combine lentils, vegetables, broth, and spices in a slow cooker, and serve with whole grain bread for a hearty and satisfying meal without much effort.\n\nThese ideas are not only affordable but also easy and convenient for working parents, providing the nutrients needed to keep the family healthy and active.\n*****QUESTION:***** If there is an explanation: Does the explanation refer to commonsense concepts that are taken as given?", "index": 1241}, {"instruction": "Suggest a few affordable healthy meal ideas for working parents.", "input": "", "output": "1. One-Pot Chicken and Broccoli Rice: Cook a mixture of brown rice, broccoli, shredded chicken, and spices for a quick and easy one-pot meal loaded with protein and fiber.\n\n2. Veggie and Hummus Sandwich: A simple and easy-to-assemble sandwich filled with hummus, whole grain bread, and an assortment of vegetables such as lettuce, cucumbers, tomatoes, and bell peppers for a healthy and filling lunch.\n\n3. Make-Ahead Salad Bowls: Prepare salad bowls in advance using greens, roasted vegetables, cooked quinoa, and a protein source like boiled eggs or baked tofu for a grab-and-go meal packed with vitamins and minerals.\n\n4. Egg Fried Cauliflower Rice: Replace regular rice with cauliflower rice and stir fry with eggs and mixed vegetables for a healthy low-carb dinner option.\n\n5. Slow Cooker Lentil Soup: Combine lentils, vegetables, broth, and spices in a slow cooker, and serve with whole grain bread for a hearty and satisfying meal without much effort.\n\nThese ideas are not only affordable but also easy and convenient for working parents, providing the nutrients needed to keep the family healthy and active.", "all_data": "*****INSTRUCTION:***** Suggest a few affordable healthy meal ideas for working parents.\n\n*****OUTPUT:***** 1. One-Pot Chicken and Broccoli Rice: Cook a mixture of brown rice, broccoli, shredded chicken, and spices for a quick and easy one-pot meal loaded with protein and fiber.\n\n2. Veggie and Hummus Sandwich: A simple and easy-to-assemble sandwich filled with hummus, whole grain bread, and an assortment of vegetables such as lettuce, cucumbers, tomatoes, and bell peppers for a healthy and filling lunch.\n\n3. Make-Ahead Salad Bowls: Prepare salad bowls in advance using greens, roasted vegetables, cooked quinoa, and a protein source like boiled eggs or baked tofu for a grab-and-go meal packed with vitamins and minerals.\n\n4. Egg Fried Cauliflower Rice: Replace regular rice with cauliflower rice and stir fry with eggs and mixed vegetables for a healthy low-carb dinner option.\n\n5. Slow Cooker Lentil Soup: Combine lentils, vegetables, broth, and spices in a slow cooker, and serve with whole grain bread for a hearty and satisfying meal without much effort.\n\nThese ideas are not only affordable but also easy and convenient for working parents, providing the nutrients needed to keep the family healthy and active.\n*****QUESTION:***** If there is an explanation: Does the explanation list contributing factors?", "index": 1242}, {"instruction": "Suggest a few affordable healthy meal ideas for working parents.", "input": "", "output": "1. One-Pot Chicken and Broccoli Rice: Cook a mixture of brown rice, broccoli, shredded chicken, and spices for a quick and easy one-pot meal loaded with protein and fiber.\n\n2. Veggie and Hummus Sandwich: A simple and easy-to-assemble sandwich filled with hummus, whole grain bread, and an assortment of vegetables such as lettuce, cucumbers, tomatoes, and bell peppers for a healthy and filling lunch.\n\n3. Make-Ahead Salad Bowls: Prepare salad bowls in advance using greens, roasted vegetables, cooked quinoa, and a protein source like boiled eggs or baked tofu for a grab-and-go meal packed with vitamins and minerals.\n\n4. Egg Fried Cauliflower Rice: Replace regular rice with cauliflower rice and stir fry with eggs and mixed vegetables for a healthy low-carb dinner option.\n\n5. Slow Cooker Lentil Soup: Combine lentils, vegetables, broth, and spices in a slow cooker, and serve with whole grain bread for a hearty and satisfying meal without much effort.\n\nThese ideas are not only affordable but also easy and convenient for working parents, providing the nutrients needed to keep the family healthy and active.", "all_data": "*****INSTRUCTION:***** Suggest a few affordable healthy meal ideas for working parents.\n\n*****OUTPUT:***** 1. One-Pot Chicken and Broccoli Rice: Cook a mixture of brown rice, broccoli, shredded chicken, and spices for a quick and easy one-pot meal loaded with protein and fiber.\n\n2. Veggie and Hummus Sandwich: A simple and easy-to-assemble sandwich filled with hummus, whole grain bread, and an assortment of vegetables such as lettuce, cucumbers, tomatoes, and bell peppers for a healthy and filling lunch.\n\n3. Make-Ahead Salad Bowls: Prepare salad bowls in advance using greens, roasted vegetables, cooked quinoa, and a protein source like boiled eggs or baked tofu for a grab-and-go meal packed with vitamins and minerals.\n\n4. Egg Fried Cauliflower Rice: Replace regular rice with cauliflower rice and stir fry with eggs and mixed vegetables for a healthy low-carb dinner option.\n\n5. Slow Cooker Lentil Soup: Combine lentils, vegetables, broth, and spices in a slow cooker, and serve with whole grain bread for a hearty and satisfying meal without much effort.\n\nThese ideas are not only affordable but also easy and convenient for working parents, providing the nutrients needed to keep the family healthy and active.\n*****QUESTION:***** If there is an explanation: Does the explanation include subjective or biased criteria?", "index": 1243}, {"instruction": "Suggest a few affordable healthy meal ideas for working parents.", "input": "", "output": "1. One-Pot Chicken and Broccoli Rice: Cook a mixture of brown rice, broccoli, shredded chicken, and spices for a quick and easy one-pot meal loaded with protein and fiber.\n\n2. Veggie and Hummus Sandwich: A simple and easy-to-assemble sandwich filled with hummus, whole grain bread, and an assortment of vegetables such as lettuce, cucumbers, tomatoes, and bell peppers for a healthy and filling lunch.\n\n3. Make-Ahead Salad Bowls: Prepare salad bowls in advance using greens, roasted vegetables, cooked quinoa, and a protein source like boiled eggs or baked tofu for a grab-and-go meal packed with vitamins and minerals.\n\n4. Egg Fried Cauliflower Rice: Replace regular rice with cauliflower rice and stir fry with eggs and mixed vegetables for a healthy low-carb dinner option.\n\n5. Slow Cooker Lentil Soup: Combine lentils, vegetables, broth, and spices in a slow cooker, and serve with whole grain bread for a hearty and satisfying meal without much effort.\n\nThese ideas are not only affordable but also easy and convenient for working parents, providing the nutrients needed to keep the family healthy and active.", "all_data": "*****INSTRUCTION:***** Suggest a few affordable healthy meal ideas for working parents.\n\n*****OUTPUT:***** 1. One-Pot Chicken and Broccoli Rice: Cook a mixture of brown rice, broccoli, shredded chicken, and spices for a quick and easy one-pot meal loaded with protein and fiber.\n\n2. Veggie and Hummus Sandwich: A simple and easy-to-assemble sandwich filled with hummus, whole grain bread, and an assortment of vegetables such as lettuce, cucumbers, tomatoes, and bell peppers for a healthy and filling lunch.\n\n3. Make-Ahead Salad Bowls: Prepare salad bowls in advance using greens, roasted vegetables, cooked quinoa, and a protein source like boiled eggs or baked tofu for a grab-and-go meal packed with vitamins and minerals.\n\n4. Egg Fried Cauliflower Rice: Replace regular rice with cauliflower rice and stir fry with eggs and mixed vegetables for a healthy low-carb dinner option.\n\n5. Slow Cooker Lentil Soup: Combine lentils, vegetables, broth, and spices in a slow cooker, and serve with whole grain bread for a hearty and satisfying meal without much effort.\n\nThese ideas are not only affordable but also easy and convenient for working parents, providing the nutrients needed to keep the family healthy and active.\n*****QUESTION:***** If there is an explanation: Does the explanation include illustrative elements (e.g. examples)?", "index": 1244}, {"instruction": "Suggest a few affordable healthy meal ideas for working parents.", "input": "", "output": "1. One-Pot Chicken and Broccoli Rice: Cook a mixture of brown rice, broccoli, shredded chicken, and spices for a quick and easy one-pot meal loaded with protein and fiber.\n\n2. Veggie and Hummus Sandwich: A simple and easy-to-assemble sandwich filled with hummus, whole grain bread, and an assortment of vegetables such as lettuce, cucumbers, tomatoes, and bell peppers for a healthy and filling lunch.\n\n3. Make-Ahead Salad Bowls: Prepare salad bowls in advance using greens, roasted vegetables, cooked quinoa, and a protein source like boiled eggs or baked tofu for a grab-and-go meal packed with vitamins and minerals.\n\n4. Egg Fried Cauliflower Rice: Replace regular rice with cauliflower rice and stir fry with eggs and mixed vegetables for a healthy low-carb dinner option.\n\n5. Slow Cooker Lentil Soup: Combine lentils, vegetables, broth, and spices in a slow cooker, and serve with whole grain bread for a hearty and satisfying meal without much effort.\n\nThese ideas are not only affordable but also easy and convenient for working parents, providing the nutrients needed to keep the family healthy and active.", "all_data": "*****INSTRUCTION:***** Suggest a few affordable healthy meal ideas for working parents.\n\n*****OUTPUT:***** 1. One-Pot Chicken and Broccoli Rice: Cook a mixture of brown rice, broccoli, shredded chicken, and spices for a quick and easy one-pot meal loaded with protein and fiber.\n\n2. Veggie and Hummus Sandwich: A simple and easy-to-assemble sandwich filled with hummus, whole grain bread, and an assortment of vegetables such as lettuce, cucumbers, tomatoes, and bell peppers for a healthy and filling lunch.\n\n3. Make-Ahead Salad Bowls: Prepare salad bowls in advance using greens, roasted vegetables, cooked quinoa, and a protein source like boiled eggs or baked tofu for a grab-and-go meal packed with vitamins and minerals.\n\n4. Egg Fried Cauliflower Rice: Replace regular rice with cauliflower rice and stir fry with eggs and mixed vegetables for a healthy low-carb dinner option.\n\n5. Slow Cooker Lentil Soup: Combine lentils, vegetables, broth, and spices in a slow cooker, and serve with whole grain bread for a hearty and satisfying meal without much effort.\n\nThese ideas are not only affordable but also easy and convenient for working parents, providing the nutrients needed to keep the family healthy and active.\n*****QUESTION:***** If there is an explanation: Is the explanation misleading (e.g. arguing for a label that is wrong)?", "index": 1245}, {"instruction": "Classify the type of habitat described below", "input": "A tropical rainforest is an area with high rainfall and a diverse array of plant and animal life.", "output": "Tropical Rainforest", "all_data": "*****INSTRUCTION:***** Classify the type of habitat described below\nA tropical rainforest is an area with high rainfall and a diverse array of plant and animal life.\n*****OUTPUT:***** Tropical Rainforest\n*****QUESTION:***** Does the output contain an explanation for the prediction?", "index": 1246}, {"instruction": "Classify the type of habitat described below", "input": "A tropical rainforest is an area with high rainfall and a diverse array of plant and animal life.", "output": "Tropical Rainforest", "all_data": "*****INSTRUCTION:***** Classify the type of habitat described below\nA tropical rainforest is an area with high rainfall and a diverse array of plant and animal life.\n*****OUTPUT:***** Tropical Rainforest\n*****QUESTION:***** Would you give an explanation/justify your reasoning if you were asked this question by a friend?", "index": 1247}, {"instruction": "Classify the type of habitat described below", "input": "A tropical rainforest is an area with high rainfall and a diverse array of plant and animal life.", "output": "Tropical Rainforest", "all_data": "*****INSTRUCTION:***** Classify the type of habitat described below\nA tropical rainforest is an area with high rainfall and a diverse array of plant and animal life.\n*****OUTPUT:***** Tropical Rainforest\n*****QUESTION:***** If there is an explanation: Does the explanation refer to commonsense concepts that are taken as given?", "index": 1248}, {"instruction": "Classify the type of habitat described below", "input": "A tropical rainforest is an area with high rainfall and a diverse array of plant and animal life.", "output": "Tropical Rainforest", "all_data": "*****INSTRUCTION:***** Classify the type of habitat described below\nA tropical rainforest is an area with high rainfall and a diverse array of plant and animal life.\n*****OUTPUT:***** Tropical Rainforest\n*****QUESTION:***** If there is an explanation: Does the explanation list contributing factors?", "index": 1249}, {"instruction": "Classify the type of habitat described below", "input": "A tropical rainforest is an area with high rainfall and a diverse array of plant and animal life.", "output": "Tropical Rainforest", "all_data": "*****INSTRUCTION:***** Classify the type of habitat described below\nA tropical rainforest is an area with high rainfall and a diverse array of plant and animal life.\n*****OUTPUT:***** Tropical Rainforest\n*****QUESTION:***** If there is an explanation: Does the explanation include subjective or biased criteria?", "index": 1250}, {"instruction": "Classify the type of habitat described below", "input": "A tropical rainforest is an area with high rainfall and a diverse array of plant and animal life.", "output": "Tropical Rainforest", "all_data": "*****INSTRUCTION:***** Classify the type of habitat described below\nA tropical rainforest is an area with high rainfall and a diverse array of plant and animal life.\n*****OUTPUT:***** Tropical Rainforest\n*****QUESTION:***** If there is an explanation: Does the explanation include illustrative elements (e.g. examples)?", "index": 1251}, {"instruction": "Classify the type of habitat described below", "input": "A tropical rainforest is an area with high rainfall and a diverse array of plant and animal life.", "output": "Tropical Rainforest", "all_data": "*****INSTRUCTION:***** Classify the type of habitat described below\nA tropical rainforest is an area with high rainfall and a diverse array of plant and animal life.\n*****OUTPUT:***** Tropical Rainforest\n*****QUESTION:***** If there is an explanation: Is the explanation misleading (e.g. arguing for a label that is wrong)?", "index": 1252}, {"instruction": "List three techniques for delivering customer feedback to a product team.", "input": "", "output": "1. **User Surveys**: Surveys are a common technique for collecting customer feedback. The product team can use online tools to create surveys with specific questions related to the product, allowing customers to convey their thoughts, feelings and opinions about the product, its features, and performance.\n\n2. **Focus Groups**: Focus groups are another way to gather feedback from customers. A focus group is a small, diverse group of people who are brought together to discuss their thoughts, opinions, and experiences with the product. This allows the product team to get in-depth insights into the needs, preferences, and opinions of their customers.\n\n3. **Social Media Monitoring**: Social media platforms provide a wealth of information about customer feedback. The product team can monitor customer feedback by tracking posts, comments, and mentions of the product on social media platforms. They can gather insights on the customers' opinions, concerns, and experiences with the product, and use this information to make informed decisions about product development and improvement.", "all_data": "*****INSTRUCTION:***** List three techniques for delivering customer feedback to a product team.\n\n*****OUTPUT:***** 1. **User Surveys**: Surveys are a common technique for collecting customer feedback. The product team can use online tools to create surveys with specific questions related to the product, allowing customers to convey their thoughts, feelings and opinions about the product, its features, and performance.\n\n2. **Focus Groups**: Focus groups are another way to gather feedback from customers. A focus group is a small, diverse group of people who are brought together to discuss their thoughts, opinions, and experiences with the product. This allows the product team to get in-depth insights into the needs, preferences, and opinions of their customers.\n\n3. **Social Media Monitoring**: Social media platforms provide a wealth of information about customer feedback. The product team can monitor customer feedback by tracking posts, comments, and mentions of the product on social media platforms. They can gather insights on the customers' opinions, concerns, and experiences with the product, and use this information to make informed decisions about product development and improvement.\n*****QUESTION:***** Does the output contain an explanation for the prediction?", "index": 1253}, {"instruction": "List three techniques for delivering customer feedback to a product team.", "input": "", "output": "1. **User Surveys**: Surveys are a common technique for collecting customer feedback. The product team can use online tools to create surveys with specific questions related to the product, allowing customers to convey their thoughts, feelings and opinions about the product, its features, and performance.\n\n2. **Focus Groups**: Focus groups are another way to gather feedback from customers. A focus group is a small, diverse group of people who are brought together to discuss their thoughts, opinions, and experiences with the product. This allows the product team to get in-depth insights into the needs, preferences, and opinions of their customers.\n\n3. **Social Media Monitoring**: Social media platforms provide a wealth of information about customer feedback. The product team can monitor customer feedback by tracking posts, comments, and mentions of the product on social media platforms. They can gather insights on the customers' opinions, concerns, and experiences with the product, and use this information to make informed decisions about product development and improvement.", "all_data": "*****INSTRUCTION:***** List three techniques for delivering customer feedback to a product team.\n\n*****OUTPUT:***** 1. **User Surveys**: Surveys are a common technique for collecting customer feedback. The product team can use online tools to create surveys with specific questions related to the product, allowing customers to convey their thoughts, feelings and opinions about the product, its features, and performance.\n\n2. **Focus Groups**: Focus groups are another way to gather feedback from customers. A focus group is a small, diverse group of people who are brought together to discuss their thoughts, opinions, and experiences with the product. This allows the product team to get in-depth insights into the needs, preferences, and opinions of their customers.\n\n3. **Social Media Monitoring**: Social media platforms provide a wealth of information about customer feedback. The product team can monitor customer feedback by tracking posts, comments, and mentions of the product on social media platforms. They can gather insights on the customers' opinions, concerns, and experiences with the product, and use this information to make informed decisions about product development and improvement.\n*****QUESTION:***** Would you give an explanation/justify your reasoning if you were asked this question by a friend?", "index": 1254}, {"instruction": "List three techniques for delivering customer feedback to a product team.", "input": "", "output": "1. **User Surveys**: Surveys are a common technique for collecting customer feedback. The product team can use online tools to create surveys with specific questions related to the product, allowing customers to convey their thoughts, feelings and opinions about the product, its features, and performance.\n\n2. **Focus Groups**: Focus groups are another way to gather feedback from customers. A focus group is a small, diverse group of people who are brought together to discuss their thoughts, opinions, and experiences with the product. This allows the product team to get in-depth insights into the needs, preferences, and opinions of their customers.\n\n3. **Social Media Monitoring**: Social media platforms provide a wealth of information about customer feedback. The product team can monitor customer feedback by tracking posts, comments, and mentions of the product on social media platforms. They can gather insights on the customers' opinions, concerns, and experiences with the product, and use this information to make informed decisions about product development and improvement.", "all_data": "*****INSTRUCTION:***** List three techniques for delivering customer feedback to a product team.\n\n*****OUTPUT:***** 1. **User Surveys**: Surveys are a common technique for collecting customer feedback. The product team can use online tools to create surveys with specific questions related to the product, allowing customers to convey their thoughts, feelings and opinions about the product, its features, and performance.\n\n2. **Focus Groups**: Focus groups are another way to gather feedback from customers. A focus group is a small, diverse group of people who are brought together to discuss their thoughts, opinions, and experiences with the product. This allows the product team to get in-depth insights into the needs, preferences, and opinions of their customers.\n\n3. **Social Media Monitoring**: Social media platforms provide a wealth of information about customer feedback. The product team can monitor customer feedback by tracking posts, comments, and mentions of the product on social media platforms. They can gather insights on the customers' opinions, concerns, and experiences with the product, and use this information to make informed decisions about product development and improvement.\n*****QUESTION:***** If there is an explanation: Does the explanation refer to commonsense concepts that are taken as given?", "index": 1255}, {"instruction": "List three techniques for delivering customer feedback to a product team.", "input": "", "output": "1. **User Surveys**: Surveys are a common technique for collecting customer feedback. The product team can use online tools to create surveys with specific questions related to the product, allowing customers to convey their thoughts, feelings and opinions about the product, its features, and performance.\n\n2. **Focus Groups**: Focus groups are another way to gather feedback from customers. A focus group is a small, diverse group of people who are brought together to discuss their thoughts, opinions, and experiences with the product. This allows the product team to get in-depth insights into the needs, preferences, and opinions of their customers.\n\n3. **Social Media Monitoring**: Social media platforms provide a wealth of information about customer feedback. The product team can monitor customer feedback by tracking posts, comments, and mentions of the product on social media platforms. They can gather insights on the customers' opinions, concerns, and experiences with the product, and use this information to make informed decisions about product development and improvement.", "all_data": "*****INSTRUCTION:***** List three techniques for delivering customer feedback to a product team.\n\n*****OUTPUT:***** 1. **User Surveys**: Surveys are a common technique for collecting customer feedback. The product team can use online tools to create surveys with specific questions related to the product, allowing customers to convey their thoughts, feelings and opinions about the product, its features, and performance.\n\n2. **Focus Groups**: Focus groups are another way to gather feedback from customers. A focus group is a small, diverse group of people who are brought together to discuss their thoughts, opinions, and experiences with the product. This allows the product team to get in-depth insights into the needs, preferences, and opinions of their customers.\n\n3. **Social Media Monitoring**: Social media platforms provide a wealth of information about customer feedback. The product team can monitor customer feedback by tracking posts, comments, and mentions of the product on social media platforms. They can gather insights on the customers' opinions, concerns, and experiences with the product, and use this information to make informed decisions about product development and improvement.\n*****QUESTION:***** If there is an explanation: Does the explanation list contributing factors?", "index": 1256}, {"instruction": "List three techniques for delivering customer feedback to a product team.", "input": "", "output": "1. **User Surveys**: Surveys are a common technique for collecting customer feedback. The product team can use online tools to create surveys with specific questions related to the product, allowing customers to convey their thoughts, feelings and opinions about the product, its features, and performance.\n\n2. **Focus Groups**: Focus groups are another way to gather feedback from customers. A focus group is a small, diverse group of people who are brought together to discuss their thoughts, opinions, and experiences with the product. This allows the product team to get in-depth insights into the needs, preferences, and opinions of their customers.\n\n3. **Social Media Monitoring**: Social media platforms provide a wealth of information about customer feedback. The product team can monitor customer feedback by tracking posts, comments, and mentions of the product on social media platforms. They can gather insights on the customers' opinions, concerns, and experiences with the product, and use this information to make informed decisions about product development and improvement.", "all_data": "*****INSTRUCTION:***** List three techniques for delivering customer feedback to a product team.\n\n*****OUTPUT:***** 1. **User Surveys**: Surveys are a common technique for collecting customer feedback. The product team can use online tools to create surveys with specific questions related to the product, allowing customers to convey their thoughts, feelings and opinions about the product, its features, and performance.\n\n2. **Focus Groups**: Focus groups are another way to gather feedback from customers. A focus group is a small, diverse group of people who are brought together to discuss their thoughts, opinions, and experiences with the product. This allows the product team to get in-depth insights into the needs, preferences, and opinions of their customers.\n\n3. **Social Media Monitoring**: Social media platforms provide a wealth of information about customer feedback. The product team can monitor customer feedback by tracking posts, comments, and mentions of the product on social media platforms. They can gather insights on the customers' opinions, concerns, and experiences with the product, and use this information to make informed decisions about product development and improvement.\n*****QUESTION:***** If there is an explanation: Does the explanation include subjective or biased criteria?", "index": 1257}, {"instruction": "List three techniques for delivering customer feedback to a product team.", "input": "", "output": "1. **User Surveys**: Surveys are a common technique for collecting customer feedback. The product team can use online tools to create surveys with specific questions related to the product, allowing customers to convey their thoughts, feelings and opinions about the product, its features, and performance.\n\n2. **Focus Groups**: Focus groups are another way to gather feedback from customers. A focus group is a small, diverse group of people who are brought together to discuss their thoughts, opinions, and experiences with the product. This allows the product team to get in-depth insights into the needs, preferences, and opinions of their customers.\n\n3. **Social Media Monitoring**: Social media platforms provide a wealth of information about customer feedback. The product team can monitor customer feedback by tracking posts, comments, and mentions of the product on social media platforms. They can gather insights on the customers' opinions, concerns, and experiences with the product, and use this information to make informed decisions about product development and improvement.", "all_data": "*****INSTRUCTION:***** List three techniques for delivering customer feedback to a product team.\n\n*****OUTPUT:***** 1. **User Surveys**: Surveys are a common technique for collecting customer feedback. The product team can use online tools to create surveys with specific questions related to the product, allowing customers to convey their thoughts, feelings and opinions about the product, its features, and performance.\n\n2. **Focus Groups**: Focus groups are another way to gather feedback from customers. A focus group is a small, diverse group of people who are brought together to discuss their thoughts, opinions, and experiences with the product. This allows the product team to get in-depth insights into the needs, preferences, and opinions of their customers.\n\n3. **Social Media Monitoring**: Social media platforms provide a wealth of information about customer feedback. The product team can monitor customer feedback by tracking posts, comments, and mentions of the product on social media platforms. They can gather insights on the customers' opinions, concerns, and experiences with the product, and use this information to make informed decisions about product development and improvement.\n*****QUESTION:***** If there is an explanation: Does the explanation include illustrative elements (e.g. examples)?", "index": 1258}, {"instruction": "List three techniques for delivering customer feedback to a product team.", "input": "", "output": "1. **User Surveys**: Surveys are a common technique for collecting customer feedback. The product team can use online tools to create surveys with specific questions related to the product, allowing customers to convey their thoughts, feelings and opinions about the product, its features, and performance.\n\n2. **Focus Groups**: Focus groups are another way to gather feedback from customers. A focus group is a small, diverse group of people who are brought together to discuss their thoughts, opinions, and experiences with the product. This allows the product team to get in-depth insights into the needs, preferences, and opinions of their customers.\n\n3. **Social Media Monitoring**: Social media platforms provide a wealth of information about customer feedback. The product team can monitor customer feedback by tracking posts, comments, and mentions of the product on social media platforms. They can gather insights on the customers' opinions, concerns, and experiences with the product, and use this information to make informed decisions about product development and improvement.", "all_data": "*****INSTRUCTION:***** List three techniques for delivering customer feedback to a product team.\n\n*****OUTPUT:***** 1. **User Surveys**: Surveys are a common technique for collecting customer feedback. The product team can use online tools to create surveys with specific questions related to the product, allowing customers to convey their thoughts, feelings and opinions about the product, its features, and performance.\n\n2. **Focus Groups**: Focus groups are another way to gather feedback from customers. A focus group is a small, diverse group of people who are brought together to discuss their thoughts, opinions, and experiences with the product. This allows the product team to get in-depth insights into the needs, preferences, and opinions of their customers.\n\n3. **Social Media Monitoring**: Social media platforms provide a wealth of information about customer feedback. The product team can monitor customer feedback by tracking posts, comments, and mentions of the product on social media platforms. They can gather insights on the customers' opinions, concerns, and experiences with the product, and use this information to make informed decisions about product development and improvement.\n*****QUESTION:***** If there is an explanation: Is the explanation misleading (e.g. arguing for a label that is wrong)?", "index": 1259}, {"instruction": "Give five tips for creating an effective landing page", "input": "", "output": "1. **Have a clear and compelling headline**: The headline is the first thing that visitors see when they come to your landing page. Make sure it's clear, attention-grabbing and communicates the value of what you're offering. \n\n2. **Use visually appealing design**: The design of your landing page is crucial in creating a good first impression. Use high-quality images, a clean layout, and ensure that the page is easy to navigate. A visually appealing page is more likely to keep visitors engaged and encourage them to take action.\n\n3. **Craft a strong call-to-action**: A call-to-action (CTA) is the button, form or link that prompts visitors to take action. Make sure your CTA stands out and use action-oriented language that motivates visitors to convert.\n\n4. **Keep the page focused**: Keep the content on your landing page focused on a single goal. Avoid clutter and distractions that could lead visitors away from the main action you want them to take. \n\n5. **Optimize for mobile**: Many users will be visiting your landing page from their mobile devices, so it's important to ensure that your page is optimized for mobile. Make sure it loads quickly and that all the elements are easily viewable and clickable on a small screen.", "all_data": "*****INSTRUCTION:***** Give five tips for creating an effective landing page\n\n*****OUTPUT:***** 1. **Have a clear and compelling headline**: The headline is the first thing that visitors see when they come to your landing page. Make sure it's clear, attention-grabbing and communicates the value of what you're offering. \n\n2. **Use visually appealing design**: The design of your landing page is crucial in creating a good first impression. Use high-quality images, a clean layout, and ensure that the page is easy to navigate. A visually appealing page is more likely to keep visitors engaged and encourage them to take action.\n\n3. **Craft a strong call-to-action**: A call-to-action (CTA) is the button, form or link that prompts visitors to take action. Make sure your CTA stands out and use action-oriented language that motivates visitors to convert.\n\n4. **Keep the page focused**: Keep the content on your landing page focused on a single goal. Avoid clutter and distractions that could lead visitors away from the main action you want them to take. \n\n5. **Optimize for mobile**: Many users will be visiting your landing page from their mobile devices, so it's important to ensure that your page is optimized for mobile. Make sure it loads quickly and that all the elements are easily viewable and clickable on a small screen.\n*****QUESTION:***** Does the output contain an explanation for the prediction?", "index": 1260}, {"instruction": "Give five tips for creating an effective landing page", "input": "", "output": "1. **Have a clear and compelling headline**: The headline is the first thing that visitors see when they come to your landing page. Make sure it's clear, attention-grabbing and communicates the value of what you're offering. \n\n2. **Use visually appealing design**: The design of your landing page is crucial in creating a good first impression. Use high-quality images, a clean layout, and ensure that the page is easy to navigate. A visually appealing page is more likely to keep visitors engaged and encourage them to take action.\n\n3. **Craft a strong call-to-action**: A call-to-action (CTA) is the button, form or link that prompts visitors to take action. Make sure your CTA stands out and use action-oriented language that motivates visitors to convert.\n\n4. **Keep the page focused**: Keep the content on your landing page focused on a single goal. Avoid clutter and distractions that could lead visitors away from the main action you want them to take. \n\n5. **Optimize for mobile**: Many users will be visiting your landing page from their mobile devices, so it's important to ensure that your page is optimized for mobile. Make sure it loads quickly and that all the elements are easily viewable and clickable on a small screen.", "all_data": "*****INSTRUCTION:***** Give five tips for creating an effective landing page\n\n*****OUTPUT:***** 1. **Have a clear and compelling headline**: The headline is the first thing that visitors see when they come to your landing page. Make sure it's clear, attention-grabbing and communicates the value of what you're offering. \n\n2. **Use visually appealing design**: The design of your landing page is crucial in creating a good first impression. Use high-quality images, a clean layout, and ensure that the page is easy to navigate. A visually appealing page is more likely to keep visitors engaged and encourage them to take action.\n\n3. **Craft a strong call-to-action**: A call-to-action (CTA) is the button, form or link that prompts visitors to take action. Make sure your CTA stands out and use action-oriented language that motivates visitors to convert.\n\n4. **Keep the page focused**: Keep the content on your landing page focused on a single goal. Avoid clutter and distractions that could lead visitors away from the main action you want them to take. \n\n5. **Optimize for mobile**: Many users will be visiting your landing page from their mobile devices, so it's important to ensure that your page is optimized for mobile. Make sure it loads quickly and that all the elements are easily viewable and clickable on a small screen.\n*****QUESTION:***** Would you give an explanation/justify your reasoning if you were asked this question by a friend?", "index": 1261}, {"instruction": "Give five tips for creating an effective landing page", "input": "", "output": "1. **Have a clear and compelling headline**: The headline is the first thing that visitors see when they come to your landing page. Make sure it's clear, attention-grabbing and communicates the value of what you're offering. \n\n2. **Use visually appealing design**: The design of your landing page is crucial in creating a good first impression. Use high-quality images, a clean layout, and ensure that the page is easy to navigate. A visually appealing page is more likely to keep visitors engaged and encourage them to take action.\n\n3. **Craft a strong call-to-action**: A call-to-action (CTA) is the button, form or link that prompts visitors to take action. Make sure your CTA stands out and use action-oriented language that motivates visitors to convert.\n\n4. **Keep the page focused**: Keep the content on your landing page focused on a single goal. Avoid clutter and distractions that could lead visitors away from the main action you want them to take. \n\n5. **Optimize for mobile**: Many users will be visiting your landing page from their mobile devices, so it's important to ensure that your page is optimized for mobile. Make sure it loads quickly and that all the elements are easily viewable and clickable on a small screen.", "all_data": "*****INSTRUCTION:***** Give five tips for creating an effective landing page\n\n*****OUTPUT:***** 1. **Have a clear and compelling headline**: The headline is the first thing that visitors see when they come to your landing page. Make sure it's clear, attention-grabbing and communicates the value of what you're offering. \n\n2. **Use visually appealing design**: The design of your landing page is crucial in creating a good first impression. Use high-quality images, a clean layout, and ensure that the page is easy to navigate. A visually appealing page is more likely to keep visitors engaged and encourage them to take action.\n\n3. **Craft a strong call-to-action**: A call-to-action (CTA) is the button, form or link that prompts visitors to take action. Make sure your CTA stands out and use action-oriented language that motivates visitors to convert.\n\n4. **Keep the page focused**: Keep the content on your landing page focused on a single goal. Avoid clutter and distractions that could lead visitors away from the main action you want them to take. \n\n5. **Optimize for mobile**: Many users will be visiting your landing page from their mobile devices, so it's important to ensure that your page is optimized for mobile. Make sure it loads quickly and that all the elements are easily viewable and clickable on a small screen.\n*****QUESTION:***** If there is an explanation: Does the explanation refer to commonsense concepts that are taken as given?", "index": 1262}, {"instruction": "Give five tips for creating an effective landing page", "input": "", "output": "1. **Have a clear and compelling headline**: The headline is the first thing that visitors see when they come to your landing page. Make sure it's clear, attention-grabbing and communicates the value of what you're offering. \n\n2. **Use visually appealing design**: The design of your landing page is crucial in creating a good first impression. Use high-quality images, a clean layout, and ensure that the page is easy to navigate. A visually appealing page is more likely to keep visitors engaged and encourage them to take action.\n\n3. **Craft a strong call-to-action**: A call-to-action (CTA) is the button, form or link that prompts visitors to take action. Make sure your CTA stands out and use action-oriented language that motivates visitors to convert.\n\n4. **Keep the page focused**: Keep the content on your landing page focused on a single goal. Avoid clutter and distractions that could lead visitors away from the main action you want them to take. \n\n5. **Optimize for mobile**: Many users will be visiting your landing page from their mobile devices, so it's important to ensure that your page is optimized for mobile. Make sure it loads quickly and that all the elements are easily viewable and clickable on a small screen.", "all_data": "*****INSTRUCTION:***** Give five tips for creating an effective landing page\n\n*****OUTPUT:***** 1. **Have a clear and compelling headline**: The headline is the first thing that visitors see when they come to your landing page. Make sure it's clear, attention-grabbing and communicates the value of what you're offering. \n\n2. **Use visually appealing design**: The design of your landing page is crucial in creating a good first impression. Use high-quality images, a clean layout, and ensure that the page is easy to navigate. A visually appealing page is more likely to keep visitors engaged and encourage them to take action.\n\n3. **Craft a strong call-to-action**: A call-to-action (CTA) is the button, form or link that prompts visitors to take action. Make sure your CTA stands out and use action-oriented language that motivates visitors to convert.\n\n4. **Keep the page focused**: Keep the content on your landing page focused on a single goal. Avoid clutter and distractions that could lead visitors away from the main action you want them to take. \n\n5. **Optimize for mobile**: Many users will be visiting your landing page from their mobile devices, so it's important to ensure that your page is optimized for mobile. Make sure it loads quickly and that all the elements are easily viewable and clickable on a small screen.\n*****QUESTION:***** If there is an explanation: Does the explanation list contributing factors?", "index": 1263}, {"instruction": "Give five tips for creating an effective landing page", "input": "", "output": "1. **Have a clear and compelling headline**: The headline is the first thing that visitors see when they come to your landing page. Make sure it's clear, attention-grabbing and communicates the value of what you're offering. \n\n2. **Use visually appealing design**: The design of your landing page is crucial in creating a good first impression. Use high-quality images, a clean layout, and ensure that the page is easy to navigate. A visually appealing page is more likely to keep visitors engaged and encourage them to take action.\n\n3. **Craft a strong call-to-action**: A call-to-action (CTA) is the button, form or link that prompts visitors to take action. Make sure your CTA stands out and use action-oriented language that motivates visitors to convert.\n\n4. **Keep the page focused**: Keep the content on your landing page focused on a single goal. Avoid clutter and distractions that could lead visitors away from the main action you want them to take. \n\n5. **Optimize for mobile**: Many users will be visiting your landing page from their mobile devices, so it's important to ensure that your page is optimized for mobile. Make sure it loads quickly and that all the elements are easily viewable and clickable on a small screen.", "all_data": "*****INSTRUCTION:***** Give five tips for creating an effective landing page\n\n*****OUTPUT:***** 1. **Have a clear and compelling headline**: The headline is the first thing that visitors see when they come to your landing page. Make sure it's clear, attention-grabbing and communicates the value of what you're offering. \n\n2. **Use visually appealing design**: The design of your landing page is crucial in creating a good first impression. Use high-quality images, a clean layout, and ensure that the page is easy to navigate. A visually appealing page is more likely to keep visitors engaged and encourage them to take action.\n\n3. **Craft a strong call-to-action**: A call-to-action (CTA) is the button, form or link that prompts visitors to take action. Make sure your CTA stands out and use action-oriented language that motivates visitors to convert.\n\n4. **Keep the page focused**: Keep the content on your landing page focused on a single goal. Avoid clutter and distractions that could lead visitors away from the main action you want them to take. \n\n5. **Optimize for mobile**: Many users will be visiting your landing page from their mobile devices, so it's important to ensure that your page is optimized for mobile. Make sure it loads quickly and that all the elements are easily viewable and clickable on a small screen.\n*****QUESTION:***** If there is an explanation: Does the explanation include subjective or biased criteria?", "index": 1264}, {"instruction": "Give five tips for creating an effective landing page", "input": "", "output": "1. **Have a clear and compelling headline**: The headline is the first thing that visitors see when they come to your landing page. Make sure it's clear, attention-grabbing and communicates the value of what you're offering. \n\n2. **Use visually appealing design**: The design of your landing page is crucial in creating a good first impression. Use high-quality images, a clean layout, and ensure that the page is easy to navigate. A visually appealing page is more likely to keep visitors engaged and encourage them to take action.\n\n3. **Craft a strong call-to-action**: A call-to-action (CTA) is the button, form or link that prompts visitors to take action. Make sure your CTA stands out and use action-oriented language that motivates visitors to convert.\n\n4. **Keep the page focused**: Keep the content on your landing page focused on a single goal. Avoid clutter and distractions that could lead visitors away from the main action you want them to take. \n\n5. **Optimize for mobile**: Many users will be visiting your landing page from their mobile devices, so it's important to ensure that your page is optimized for mobile. Make sure it loads quickly and that all the elements are easily viewable and clickable on a small screen.", "all_data": "*****INSTRUCTION:***** Give five tips for creating an effective landing page\n\n*****OUTPUT:***** 1. **Have a clear and compelling headline**: The headline is the first thing that visitors see when they come to your landing page. Make sure it's clear, attention-grabbing and communicates the value of what you're offering. \n\n2. **Use visually appealing design**: The design of your landing page is crucial in creating a good first impression. Use high-quality images, a clean layout, and ensure that the page is easy to navigate. A visually appealing page is more likely to keep visitors engaged and encourage them to take action.\n\n3. **Craft a strong call-to-action**: A call-to-action (CTA) is the button, form or link that prompts visitors to take action. Make sure your CTA stands out and use action-oriented language that motivates visitors to convert.\n\n4. **Keep the page focused**: Keep the content on your landing page focused on a single goal. Avoid clutter and distractions that could lead visitors away from the main action you want them to take. \n\n5. **Optimize for mobile**: Many users will be visiting your landing page from their mobile devices, so it's important to ensure that your page is optimized for mobile. Make sure it loads quickly and that all the elements are easily viewable and clickable on a small screen.\n*****QUESTION:***** If there is an explanation: Does the explanation include illustrative elements (e.g. examples)?", "index": 1265}, {"instruction": "Give five tips for creating an effective landing page", "input": "", "output": "1. **Have a clear and compelling headline**: The headline is the first thing that visitors see when they come to your landing page. Make sure it's clear, attention-grabbing and communicates the value of what you're offering. \n\n2. **Use visually appealing design**: The design of your landing page is crucial in creating a good first impression. Use high-quality images, a clean layout, and ensure that the page is easy to navigate. A visually appealing page is more likely to keep visitors engaged and encourage them to take action.\n\n3. **Craft a strong call-to-action**: A call-to-action (CTA) is the button, form or link that prompts visitors to take action. Make sure your CTA stands out and use action-oriented language that motivates visitors to convert.\n\n4. **Keep the page focused**: Keep the content on your landing page focused on a single goal. Avoid clutter and distractions that could lead visitors away from the main action you want them to take. \n\n5. **Optimize for mobile**: Many users will be visiting your landing page from their mobile devices, so it's important to ensure that your page is optimized for mobile. Make sure it loads quickly and that all the elements are easily viewable and clickable on a small screen.", "all_data": "*****INSTRUCTION:***** Give five tips for creating an effective landing page\n\n*****OUTPUT:***** 1. **Have a clear and compelling headline**: The headline is the first thing that visitors see when they come to your landing page. Make sure it's clear, attention-grabbing and communicates the value of what you're offering. \n\n2. **Use visually appealing design**: The design of your landing page is crucial in creating a good first impression. Use high-quality images, a clean layout, and ensure that the page is easy to navigate. A visually appealing page is more likely to keep visitors engaged and encourage them to take action.\n\n3. **Craft a strong call-to-action**: A call-to-action (CTA) is the button, form or link that prompts visitors to take action. Make sure your CTA stands out and use action-oriented language that motivates visitors to convert.\n\n4. **Keep the page focused**: Keep the content on your landing page focused on a single goal. Avoid clutter and distractions that could lead visitors away from the main action you want them to take. \n\n5. **Optimize for mobile**: Many users will be visiting your landing page from their mobile devices, so it's important to ensure that your page is optimized for mobile. Make sure it loads quickly and that all the elements are easily viewable and clickable on a small screen.\n*****QUESTION:***** If there is an explanation: Is the explanation misleading (e.g. arguing for a label that is wrong)?", "index": 1266}, {"instruction": "Make a list of five possible solutions to conserve water.", "input": "", "output": "1. Fixing Leaks: Repair or fix leaking pipes, faucets, and toilets, which could save hundreds of gallons of water a month.\n\n2. Recycling Wastewater: Using grey water for irrigation or flushing toilets and treating wastewater to be returned to the water supply can conserve water significantly.\n\n3. Water-efficient Appliances: Installing water-efficient devices such as low-flow showerheads or toilets, and using water-efficient washing machines and dishwashers could reduce water consumption.\n\n4. Smart Irrigation: Use of efficient irrigation systems, such as drip irrigation or smart controls that water the plants only when needed, could reduce water usage in gardening or farming.\n\n5. Changing Habits: Simple changes in daily behavior, like turning off the tap while brushing teeth, taking shorter showers, and only washing full loads of laundry and dishes, can save a significant amount of water.", "all_data": "*****INSTRUCTION:***** Make a list of five possible solutions to conserve water.\n\n*****OUTPUT:***** 1. Fixing Leaks: Repair or fix leaking pipes, faucets, and toilets, which could save hundreds of gallons of water a month.\n\n2. Recycling Wastewater: Using grey water for irrigation or flushing toilets and treating wastewater to be returned to the water supply can conserve water significantly.\n\n3. Water-efficient Appliances: Installing water-efficient devices such as low-flow showerheads or toilets, and using water-efficient washing machines and dishwashers could reduce water consumption.\n\n4. Smart Irrigation: Use of efficient irrigation systems, such as drip irrigation or smart controls that water the plants only when needed, could reduce water usage in gardening or farming.\n\n5. Changing Habits: Simple changes in daily behavior, like turning off the tap while brushing teeth, taking shorter showers, and only washing full loads of laundry and dishes, can save a significant amount of water.\n*****QUESTION:***** Does the output contain an explanation for the prediction?", "index": 1267}, {"instruction": "Make a list of five possible solutions to conserve water.", "input": "", "output": "1. Fixing Leaks: Repair or fix leaking pipes, faucets, and toilets, which could save hundreds of gallons of water a month.\n\n2. Recycling Wastewater: Using grey water for irrigation or flushing toilets and treating wastewater to be returned to the water supply can conserve water significantly.\n\n3. Water-efficient Appliances: Installing water-efficient devices such as low-flow showerheads or toilets, and using water-efficient washing machines and dishwashers could reduce water consumption.\n\n4. Smart Irrigation: Use of efficient irrigation systems, such as drip irrigation or smart controls that water the plants only when needed, could reduce water usage in gardening or farming.\n\n5. Changing Habits: Simple changes in daily behavior, like turning off the tap while brushing teeth, taking shorter showers, and only washing full loads of laundry and dishes, can save a significant amount of water.", "all_data": "*****INSTRUCTION:***** Make a list of five possible solutions to conserve water.\n\n*****OUTPUT:***** 1. Fixing Leaks: Repair or fix leaking pipes, faucets, and toilets, which could save hundreds of gallons of water a month.\n\n2. Recycling Wastewater: Using grey water for irrigation or flushing toilets and treating wastewater to be returned to the water supply can conserve water significantly.\n\n3. Water-efficient Appliances: Installing water-efficient devices such as low-flow showerheads or toilets, and using water-efficient washing machines and dishwashers could reduce water consumption.\n\n4. Smart Irrigation: Use of efficient irrigation systems, such as drip irrigation or smart controls that water the plants only when needed, could reduce water usage in gardening or farming.\n\n5. Changing Habits: Simple changes in daily behavior, like turning off the tap while brushing teeth, taking shorter showers, and only washing full loads of laundry and dishes, can save a significant amount of water.\n*****QUESTION:***** Would you give an explanation/justify your reasoning if you were asked this question by a friend?", "index": 1268}, {"instruction": "Make a list of five possible solutions to conserve water.", "input": "", "output": "1. Fixing Leaks: Repair or fix leaking pipes, faucets, and toilets, which could save hundreds of gallons of water a month.\n\n2. Recycling Wastewater: Using grey water for irrigation or flushing toilets and treating wastewater to be returned to the water supply can conserve water significantly.\n\n3. Water-efficient Appliances: Installing water-efficient devices such as low-flow showerheads or toilets, and using water-efficient washing machines and dishwashers could reduce water consumption.\n\n4. Smart Irrigation: Use of efficient irrigation systems, such as drip irrigation or smart controls that water the plants only when needed, could reduce water usage in gardening or farming.\n\n5. Changing Habits: Simple changes in daily behavior, like turning off the tap while brushing teeth, taking shorter showers, and only washing full loads of laundry and dishes, can save a significant amount of water.", "all_data": "*****INSTRUCTION:***** Make a list of five possible solutions to conserve water.\n\n*****OUTPUT:***** 1. Fixing Leaks: Repair or fix leaking pipes, faucets, and toilets, which could save hundreds of gallons of water a month.\n\n2. Recycling Wastewater: Using grey water for irrigation or flushing toilets and treating wastewater to be returned to the water supply can conserve water significantly.\n\n3. Water-efficient Appliances: Installing water-efficient devices such as low-flow showerheads or toilets, and using water-efficient washing machines and dishwashers could reduce water consumption.\n\n4. Smart Irrigation: Use of efficient irrigation systems, such as drip irrigation or smart controls that water the plants only when needed, could reduce water usage in gardening or farming.\n\n5. Changing Habits: Simple changes in daily behavior, like turning off the tap while brushing teeth, taking shorter showers, and only washing full loads of laundry and dishes, can save a significant amount of water.\n*****QUESTION:***** If there is an explanation: Does the explanation refer to commonsense concepts that are taken as given?", "index": 1269}, {"instruction": "Make a list of five possible solutions to conserve water.", "input": "", "output": "1. Fixing Leaks: Repair or fix leaking pipes, faucets, and toilets, which could save hundreds of gallons of water a month.\n\n2. Recycling Wastewater: Using grey water for irrigation or flushing toilets and treating wastewater to be returned to the water supply can conserve water significantly.\n\n3. Water-efficient Appliances: Installing water-efficient devices such as low-flow showerheads or toilets, and using water-efficient washing machines and dishwashers could reduce water consumption.\n\n4. Smart Irrigation: Use of efficient irrigation systems, such as drip irrigation or smart controls that water the plants only when needed, could reduce water usage in gardening or farming.\n\n5. Changing Habits: Simple changes in daily behavior, like turning off the tap while brushing teeth, taking shorter showers, and only washing full loads of laundry and dishes, can save a significant amount of water.", "all_data": "*****INSTRUCTION:***** Make a list of five possible solutions to conserve water.\n\n*****OUTPUT:***** 1. Fixing Leaks: Repair or fix leaking pipes, faucets, and toilets, which could save hundreds of gallons of water a month.\n\n2. Recycling Wastewater: Using grey water for irrigation or flushing toilets and treating wastewater to be returned to the water supply can conserve water significantly.\n\n3. Water-efficient Appliances: Installing water-efficient devices such as low-flow showerheads or toilets, and using water-efficient washing machines and dishwashers could reduce water consumption.\n\n4. Smart Irrigation: Use of efficient irrigation systems, such as drip irrigation or smart controls that water the plants only when needed, could reduce water usage in gardening or farming.\n\n5. Changing Habits: Simple changes in daily behavior, like turning off the tap while brushing teeth, taking shorter showers, and only washing full loads of laundry and dishes, can save a significant amount of water.\n*****QUESTION:***** If there is an explanation: Does the explanation list contributing factors?", "index": 1270}, {"instruction": "Make a list of five possible solutions to conserve water.", "input": "", "output": "1. Fixing Leaks: Repair or fix leaking pipes, faucets, and toilets, which could save hundreds of gallons of water a month.\n\n2. Recycling Wastewater: Using grey water for irrigation or flushing toilets and treating wastewater to be returned to the water supply can conserve water significantly.\n\n3. Water-efficient Appliances: Installing water-efficient devices such as low-flow showerheads or toilets, and using water-efficient washing machines and dishwashers could reduce water consumption.\n\n4. Smart Irrigation: Use of efficient irrigation systems, such as drip irrigation or smart controls that water the plants only when needed, could reduce water usage in gardening or farming.\n\n5. Changing Habits: Simple changes in daily behavior, like turning off the tap while brushing teeth, taking shorter showers, and only washing full loads of laundry and dishes, can save a significant amount of water.", "all_data": "*****INSTRUCTION:***** Make a list of five possible solutions to conserve water.\n\n*****OUTPUT:***** 1. Fixing Leaks: Repair or fix leaking pipes, faucets, and toilets, which could save hundreds of gallons of water a month.\n\n2. Recycling Wastewater: Using grey water for irrigation or flushing toilets and treating wastewater to be returned to the water supply can conserve water significantly.\n\n3. Water-efficient Appliances: Installing water-efficient devices such as low-flow showerheads or toilets, and using water-efficient washing machines and dishwashers could reduce water consumption.\n\n4. Smart Irrigation: Use of efficient irrigation systems, such as drip irrigation or smart controls that water the plants only when needed, could reduce water usage in gardening or farming.\n\n5. Changing Habits: Simple changes in daily behavior, like turning off the tap while brushing teeth, taking shorter showers, and only washing full loads of laundry and dishes, can save a significant amount of water.\n*****QUESTION:***** If there is an explanation: Does the explanation include subjective or biased criteria?", "index": 1271}, {"instruction": "Make a list of five possible solutions to conserve water.", "input": "", "output": "1. Fixing Leaks: Repair or fix leaking pipes, faucets, and toilets, which could save hundreds of gallons of water a month.\n\n2. Recycling Wastewater: Using grey water for irrigation or flushing toilets and treating wastewater to be returned to the water supply can conserve water significantly.\n\n3. Water-efficient Appliances: Installing water-efficient devices such as low-flow showerheads or toilets, and using water-efficient washing machines and dishwashers could reduce water consumption.\n\n4. Smart Irrigation: Use of efficient irrigation systems, such as drip irrigation or smart controls that water the plants only when needed, could reduce water usage in gardening or farming.\n\n5. Changing Habits: Simple changes in daily behavior, like turning off the tap while brushing teeth, taking shorter showers, and only washing full loads of laundry and dishes, can save a significant amount of water.", "all_data": "*****INSTRUCTION:***** Make a list of five possible solutions to conserve water.\n\n*****OUTPUT:***** 1. Fixing Leaks: Repair or fix leaking pipes, faucets, and toilets, which could save hundreds of gallons of water a month.\n\n2. Recycling Wastewater: Using grey water for irrigation or flushing toilets and treating wastewater to be returned to the water supply can conserve water significantly.\n\n3. Water-efficient Appliances: Installing water-efficient devices such as low-flow showerheads or toilets, and using water-efficient washing machines and dishwashers could reduce water consumption.\n\n4. Smart Irrigation: Use of efficient irrigation systems, such as drip irrigation or smart controls that water the plants only when needed, could reduce water usage in gardening or farming.\n\n5. Changing Habits: Simple changes in daily behavior, like turning off the tap while brushing teeth, taking shorter showers, and only washing full loads of laundry and dishes, can save a significant amount of water.\n*****QUESTION:***** If there is an explanation: Does the explanation include illustrative elements (e.g. examples)?", "index": 1272}, {"instruction": "Make a list of five possible solutions to conserve water.", "input": "", "output": "1. Fixing Leaks: Repair or fix leaking pipes, faucets, and toilets, which could save hundreds of gallons of water a month.\n\n2. Recycling Wastewater: Using grey water for irrigation or flushing toilets and treating wastewater to be returned to the water supply can conserve water significantly.\n\n3. Water-efficient Appliances: Installing water-efficient devices such as low-flow showerheads or toilets, and using water-efficient washing machines and dishwashers could reduce water consumption.\n\n4. Smart Irrigation: Use of efficient irrigation systems, such as drip irrigation or smart controls that water the plants only when needed, could reduce water usage in gardening or farming.\n\n5. Changing Habits: Simple changes in daily behavior, like turning off the tap while brushing teeth, taking shorter showers, and only washing full loads of laundry and dishes, can save a significant amount of water.", "all_data": "*****INSTRUCTION:***** Make a list of five possible solutions to conserve water.\n\n*****OUTPUT:***** 1. Fixing Leaks: Repair or fix leaking pipes, faucets, and toilets, which could save hundreds of gallons of water a month.\n\n2. Recycling Wastewater: Using grey water for irrigation or flushing toilets and treating wastewater to be returned to the water supply can conserve water significantly.\n\n3. Water-efficient Appliances: Installing water-efficient devices such as low-flow showerheads or toilets, and using water-efficient washing machines and dishwashers could reduce water consumption.\n\n4. Smart Irrigation: Use of efficient irrigation systems, such as drip irrigation or smart controls that water the plants only when needed, could reduce water usage in gardening or farming.\n\n5. Changing Habits: Simple changes in daily behavior, like turning off the tap while brushing teeth, taking shorter showers, and only washing full loads of laundry and dishes, can save a significant amount of water.\n*****QUESTION:***** If there is an explanation: Is the explanation misleading (e.g. arguing for a label that is wrong)?", "index": 1273}, {"instruction": "Categorize the following statement as true or false. Large data sets are often difficult to analyze.", "input": "Large data sets are often difficult to analyze.", "output": "True.", "all_data": "*****INSTRUCTION:***** Categorize the following statement as true or false. Large data sets are often difficult to analyze.\nLarge data sets are often difficult to analyze.\n*****OUTPUT:***** True.\n*****QUESTION:***** Does the output contain an explanation for the prediction?", "index": 1274}, {"instruction": "Categorize the following statement as true or false. Large data sets are often difficult to analyze.", "input": "Large data sets are often difficult to analyze.", "output": "True.", "all_data": "*****INSTRUCTION:***** Categorize the following statement as true or false. Large data sets are often difficult to analyze.\nLarge data sets are often difficult to analyze.\n*****OUTPUT:***** True.\n*****QUESTION:***** Would you give an explanation/justify your reasoning if you were asked this question by a friend?", "index": 1275}, {"instruction": "Categorize the following statement as true or false. Large data sets are often difficult to analyze.", "input": "Large data sets are often difficult to analyze.", "output": "True.", "all_data": "*****INSTRUCTION:***** Categorize the following statement as true or false. Large data sets are often difficult to analyze.\nLarge data sets are often difficult to analyze.\n*****OUTPUT:***** True.\n*****QUESTION:***** If there is an explanation: Does the explanation refer to commonsense concepts that are taken as given?", "index": 1276}, {"instruction": "Categorize the following statement as true or false. Large data sets are often difficult to analyze.", "input": "Large data sets are often difficult to analyze.", "output": "True.", "all_data": "*****INSTRUCTION:***** Categorize the following statement as true or false. Large data sets are often difficult to analyze.\nLarge data sets are often difficult to analyze.\n*****OUTPUT:***** True.\n*****QUESTION:***** If there is an explanation: Does the explanation list contributing factors?", "index": 1277}, {"instruction": "Categorize the following statement as true or false. Large data sets are often difficult to analyze.", "input": "Large data sets are often difficult to analyze.", "output": "True.", "all_data": "*****INSTRUCTION:***** Categorize the following statement as true or false. Large data sets are often difficult to analyze.\nLarge data sets are often difficult to analyze.\n*****OUTPUT:***** True.\n*****QUESTION:***** If there is an explanation: Does the explanation include subjective or biased criteria?", "index": 1278}, {"instruction": "Categorize the following statement as true or false. Large data sets are often difficult to analyze.", "input": "Large data sets are often difficult to analyze.", "output": "True.", "all_data": "*****INSTRUCTION:***** Categorize the following statement as true or false. Large data sets are often difficult to analyze.\nLarge data sets are often difficult to analyze.\n*****OUTPUT:***** True.\n*****QUESTION:***** If there is an explanation: Does the explanation include illustrative elements (e.g. examples)?", "index": 1279}, {"instruction": "Categorize the following statement as true or false. Large data sets are often difficult to analyze.", "input": "Large data sets are often difficult to analyze.", "output": "True.", "all_data": "*****INSTRUCTION:***** Categorize the following statement as true or false. Large data sets are often difficult to analyze.\nLarge data sets are often difficult to analyze.\n*****OUTPUT:***** True.\n*****QUESTION:***** If there is an explanation: Is the explanation misleading (e.g. arguing for a label that is wrong)?", "index": 1280}, {"instruction": "Identify the contributing factors of air pollution", "input": "", "output": "Air pollution is a complex issue that can have multiple contributing factors, including:\n\n1. Burning of fossil fuels: The use of coal, oil, and gas for energy generation, transportation and industrial processes releases large quantities of harmful pollutants like sulfur dioxide, nitrogen oxides, and particulate matter into the air.\n\n2. Vehicles emissions: Cars, trucks, and buses powered by fossil fuels release large amounts of pollutants like carbon monoxide, hydrocarbons and particulate matter, contributing significantly to air pollution.\n\n3. Industrial activities: Many industries like manufacturing factories, chemical plants, mining operations emit pollutants such as gases, dust, and volatile organic compounds that contribute to air pollution.\n\n4. Agriculture: Livestock production and use of fertilizers and pesticides releases methane and ammonia gas that can contribute to air pollution.\n\n5. Waste management: Burning of waste, landfill gas emissions and decomposition of organic matter releases harmful pollutants that affect air quality.\n\n6. Deforestation: Removal of trees decreases the ability of the ecosystem to absorb pollutants and increases the amount of particles and dust in the air.\n\n7. Natural sources: Volcanic eruptions, forest fires, dust storms and pollen dispersal are natural sources of air pollution.\n\nOverall, a combination of human activities and natural sources contribute to the degradation of air quality and the prevalence of air pollution.", "all_data": "*****INSTRUCTION:***** Identify the contributing factors of air pollution\n\n*****OUTPUT:***** Air pollution is a complex issue that can have multiple contributing factors, including:\n\n1. Burning of fossil fuels: The use of coal, oil, and gas for energy generation, transportation and industrial processes releases large quantities of harmful pollutants like sulfur dioxide, nitrogen oxides, and particulate matter into the air.\n\n2. Vehicles emissions: Cars, trucks, and buses powered by fossil fuels release large amounts of pollutants like carbon monoxide, hydrocarbons and particulate matter, contributing significantly to air pollution.\n\n3. Industrial activities: Many industries like manufacturing factories, chemical plants, mining operations emit pollutants such as gases, dust, and volatile organic compounds that contribute to air pollution.\n\n4. Agriculture: Livestock production and use of fertilizers and pesticides releases methane and ammonia gas that can contribute to air pollution.\n\n5. Waste management: Burning of waste, landfill gas emissions and decomposition of organic matter releases harmful pollutants that affect air quality.\n\n6. Deforestation: Removal of trees decreases the ability of the ecosystem to absorb pollutants and increases the amount of particles and dust in the air.\n\n7. Natural sources: Volcanic eruptions, forest fires, dust storms and pollen dispersal are natural sources of air pollution.\n\nOverall, a combination of human activities and natural sources contribute to the degradation of air quality and the prevalence of air pollution.\n*****QUESTION:***** Does the output contain an explanation for the prediction?", "index": 1281}, {"instruction": "Identify the contributing factors of air pollution", "input": "", "output": "Air pollution is a complex issue that can have multiple contributing factors, including:\n\n1. Burning of fossil fuels: The use of coal, oil, and gas for energy generation, transportation and industrial processes releases large quantities of harmful pollutants like sulfur dioxide, nitrogen oxides, and particulate matter into the air.\n\n2. Vehicles emissions: Cars, trucks, and buses powered by fossil fuels release large amounts of pollutants like carbon monoxide, hydrocarbons and particulate matter, contributing significantly to air pollution.\n\n3. Industrial activities: Many industries like manufacturing factories, chemical plants, mining operations emit pollutants such as gases, dust, and volatile organic compounds that contribute to air pollution.\n\n4. Agriculture: Livestock production and use of fertilizers and pesticides releases methane and ammonia gas that can contribute to air pollution.\n\n5. Waste management: Burning of waste, landfill gas emissions and decomposition of organic matter releases harmful pollutants that affect air quality.\n\n6. Deforestation: Removal of trees decreases the ability of the ecosystem to absorb pollutants and increases the amount of particles and dust in the air.\n\n7. Natural sources: Volcanic eruptions, forest fires, dust storms and pollen dispersal are natural sources of air pollution.\n\nOverall, a combination of human activities and natural sources contribute to the degradation of air quality and the prevalence of air pollution.", "all_data": "*****INSTRUCTION:***** Identify the contributing factors of air pollution\n\n*****OUTPUT:***** Air pollution is a complex issue that can have multiple contributing factors, including:\n\n1. Burning of fossil fuels: The use of coal, oil, and gas for energy generation, transportation and industrial processes releases large quantities of harmful pollutants like sulfur dioxide, nitrogen oxides, and particulate matter into the air.\n\n2. Vehicles emissions: Cars, trucks, and buses powered by fossil fuels release large amounts of pollutants like carbon monoxide, hydrocarbons and particulate matter, contributing significantly to air pollution.\n\n3. Industrial activities: Many industries like manufacturing factories, chemical plants, mining operations emit pollutants such as gases, dust, and volatile organic compounds that contribute to air pollution.\n\n4. Agriculture: Livestock production and use of fertilizers and pesticides releases methane and ammonia gas that can contribute to air pollution.\n\n5. Waste management: Burning of waste, landfill gas emissions and decomposition of organic matter releases harmful pollutants that affect air quality.\n\n6. Deforestation: Removal of trees decreases the ability of the ecosystem to absorb pollutants and increases the amount of particles and dust in the air.\n\n7. Natural sources: Volcanic eruptions, forest fires, dust storms and pollen dispersal are natural sources of air pollution.\n\nOverall, a combination of human activities and natural sources contribute to the degradation of air quality and the prevalence of air pollution.\n*****QUESTION:***** Would you give an explanation/justify your reasoning if you were asked this question by a friend?", "index": 1282}, {"instruction": "Identify the contributing factors of air pollution", "input": "", "output": "Air pollution is a complex issue that can have multiple contributing factors, including:\n\n1. Burning of fossil fuels: The use of coal, oil, and gas for energy generation, transportation and industrial processes releases large quantities of harmful pollutants like sulfur dioxide, nitrogen oxides, and particulate matter into the air.\n\n2. Vehicles emissions: Cars, trucks, and buses powered by fossil fuels release large amounts of pollutants like carbon monoxide, hydrocarbons and particulate matter, contributing significantly to air pollution.\n\n3. Industrial activities: Many industries like manufacturing factories, chemical plants, mining operations emit pollutants such as gases, dust, and volatile organic compounds that contribute to air pollution.\n\n4. Agriculture: Livestock production and use of fertilizers and pesticides releases methane and ammonia gas that can contribute to air pollution.\n\n5. Waste management: Burning of waste, landfill gas emissions and decomposition of organic matter releases harmful pollutants that affect air quality.\n\n6. Deforestation: Removal of trees decreases the ability of the ecosystem to absorb pollutants and increases the amount of particles and dust in the air.\n\n7. Natural sources: Volcanic eruptions, forest fires, dust storms and pollen dispersal are natural sources of air pollution.\n\nOverall, a combination of human activities and natural sources contribute to the degradation of air quality and the prevalence of air pollution.", "all_data": "*****INSTRUCTION:***** Identify the contributing factors of air pollution\n\n*****OUTPUT:***** Air pollution is a complex issue that can have multiple contributing factors, including:\n\n1. Burning of fossil fuels: The use of coal, oil, and gas for energy generation, transportation and industrial processes releases large quantities of harmful pollutants like sulfur dioxide, nitrogen oxides, and particulate matter into the air.\n\n2. Vehicles emissions: Cars, trucks, and buses powered by fossil fuels release large amounts of pollutants like carbon monoxide, hydrocarbons and particulate matter, contributing significantly to air pollution.\n\n3. Industrial activities: Many industries like manufacturing factories, chemical plants, mining operations emit pollutants such as gases, dust, and volatile organic compounds that contribute to air pollution.\n\n4. Agriculture: Livestock production and use of fertilizers and pesticides releases methane and ammonia gas that can contribute to air pollution.\n\n5. Waste management: Burning of waste, landfill gas emissions and decomposition of organic matter releases harmful pollutants that affect air quality.\n\n6. Deforestation: Removal of trees decreases the ability of the ecosystem to absorb pollutants and increases the amount of particles and dust in the air.\n\n7. Natural sources: Volcanic eruptions, forest fires, dust storms and pollen dispersal are natural sources of air pollution.\n\nOverall, a combination of human activities and natural sources contribute to the degradation of air quality and the prevalence of air pollution.\n*****QUESTION:***** If there is an explanation: Does the explanation refer to commonsense concepts that are taken as given?", "index": 1283}, {"instruction": "Identify the contributing factors of air pollution", "input": "", "output": "Air pollution is a complex issue that can have multiple contributing factors, including:\n\n1. Burning of fossil fuels: The use of coal, oil, and gas for energy generation, transportation and industrial processes releases large quantities of harmful pollutants like sulfur dioxide, nitrogen oxides, and particulate matter into the air.\n\n2. Vehicles emissions: Cars, trucks, and buses powered by fossil fuels release large amounts of pollutants like carbon monoxide, hydrocarbons and particulate matter, contributing significantly to air pollution.\n\n3. Industrial activities: Many industries like manufacturing factories, chemical plants, mining operations emit pollutants such as gases, dust, and volatile organic compounds that contribute to air pollution.\n\n4. Agriculture: Livestock production and use of fertilizers and pesticides releases methane and ammonia gas that can contribute to air pollution.\n\n5. Waste management: Burning of waste, landfill gas emissions and decomposition of organic matter releases harmful pollutants that affect air quality.\n\n6. Deforestation: Removal of trees decreases the ability of the ecosystem to absorb pollutants and increases the amount of particles and dust in the air.\n\n7. Natural sources: Volcanic eruptions, forest fires, dust storms and pollen dispersal are natural sources of air pollution.\n\nOverall, a combination of human activities and natural sources contribute to the degradation of air quality and the prevalence of air pollution.", "all_data": "*****INSTRUCTION:***** Identify the contributing factors of air pollution\n\n*****OUTPUT:***** Air pollution is a complex issue that can have multiple contributing factors, including:\n\n1. Burning of fossil fuels: The use of coal, oil, and gas for energy generation, transportation and industrial processes releases large quantities of harmful pollutants like sulfur dioxide, nitrogen oxides, and particulate matter into the air.\n\n2. Vehicles emissions: Cars, trucks, and buses powered by fossil fuels release large amounts of pollutants like carbon monoxide, hydrocarbons and particulate matter, contributing significantly to air pollution.\n\n3. Industrial activities: Many industries like manufacturing factories, chemical plants, mining operations emit pollutants such as gases, dust, and volatile organic compounds that contribute to air pollution.\n\n4. Agriculture: Livestock production and use of fertilizers and pesticides releases methane and ammonia gas that can contribute to air pollution.\n\n5. Waste management: Burning of waste, landfill gas emissions and decomposition of organic matter releases harmful pollutants that affect air quality.\n\n6. Deforestation: Removal of trees decreases the ability of the ecosystem to absorb pollutants and increases the amount of particles and dust in the air.\n\n7. Natural sources: Volcanic eruptions, forest fires, dust storms and pollen dispersal are natural sources of air pollution.\n\nOverall, a combination of human activities and natural sources contribute to the degradation of air quality and the prevalence of air pollution.\n*****QUESTION:***** If there is an explanation: Does the explanation list contributing factors?", "index": 1284}, {"instruction": "Identify the contributing factors of air pollution", "input": "", "output": "Air pollution is a complex issue that can have multiple contributing factors, including:\n\n1. Burning of fossil fuels: The use of coal, oil, and gas for energy generation, transportation and industrial processes releases large quantities of harmful pollutants like sulfur dioxide, nitrogen oxides, and particulate matter into the air.\n\n2. Vehicles emissions: Cars, trucks, and buses powered by fossil fuels release large amounts of pollutants like carbon monoxide, hydrocarbons and particulate matter, contributing significantly to air pollution.\n\n3. Industrial activities: Many industries like manufacturing factories, chemical plants, mining operations emit pollutants such as gases, dust, and volatile organic compounds that contribute to air pollution.\n\n4. Agriculture: Livestock production and use of fertilizers and pesticides releases methane and ammonia gas that can contribute to air pollution.\n\n5. Waste management: Burning of waste, landfill gas emissions and decomposition of organic matter releases harmful pollutants that affect air quality.\n\n6. Deforestation: Removal of trees decreases the ability of the ecosystem to absorb pollutants and increases the amount of particles and dust in the air.\n\n7. Natural sources: Volcanic eruptions, forest fires, dust storms and pollen dispersal are natural sources of air pollution.\n\nOverall, a combination of human activities and natural sources contribute to the degradation of air quality and the prevalence of air pollution.", "all_data": "*****INSTRUCTION:***** Identify the contributing factors of air pollution\n\n*****OUTPUT:***** Air pollution is a complex issue that can have multiple contributing factors, including:\n\n1. Burning of fossil fuels: The use of coal, oil, and gas for energy generation, transportation and industrial processes releases large quantities of harmful pollutants like sulfur dioxide, nitrogen oxides, and particulate matter into the air.\n\n2. Vehicles emissions: Cars, trucks, and buses powered by fossil fuels release large amounts of pollutants like carbon monoxide, hydrocarbons and particulate matter, contributing significantly to air pollution.\n\n3. Industrial activities: Many industries like manufacturing factories, chemical plants, mining operations emit pollutants such as gases, dust, and volatile organic compounds that contribute to air pollution.\n\n4. Agriculture: Livestock production and use of fertilizers and pesticides releases methane and ammonia gas that can contribute to air pollution.\n\n5. Waste management: Burning of waste, landfill gas emissions and decomposition of organic matter releases harmful pollutants that affect air quality.\n\n6. Deforestation: Removal of trees decreases the ability of the ecosystem to absorb pollutants and increases the amount of particles and dust in the air.\n\n7. Natural sources: Volcanic eruptions, forest fires, dust storms and pollen dispersal are natural sources of air pollution.\n\nOverall, a combination of human activities and natural sources contribute to the degradation of air quality and the prevalence of air pollution.\n*****QUESTION:***** If there is an explanation: Does the explanation include subjective or biased criteria?", "index": 1285}, {"instruction": "Identify the contributing factors of air pollution", "input": "", "output": "Air pollution is a complex issue that can have multiple contributing factors, including:\n\n1. Burning of fossil fuels: The use of coal, oil, and gas for energy generation, transportation and industrial processes releases large quantities of harmful pollutants like sulfur dioxide, nitrogen oxides, and particulate matter into the air.\n\n2. Vehicles emissions: Cars, trucks, and buses powered by fossil fuels release large amounts of pollutants like carbon monoxide, hydrocarbons and particulate matter, contributing significantly to air pollution.\n\n3. Industrial activities: Many industries like manufacturing factories, chemical plants, mining operations emit pollutants such as gases, dust, and volatile organic compounds that contribute to air pollution.\n\n4. Agriculture: Livestock production and use of fertilizers and pesticides releases methane and ammonia gas that can contribute to air pollution.\n\n5. Waste management: Burning of waste, landfill gas emissions and decomposition of organic matter releases harmful pollutants that affect air quality.\n\n6. Deforestation: Removal of trees decreases the ability of the ecosystem to absorb pollutants and increases the amount of particles and dust in the air.\n\n7. Natural sources: Volcanic eruptions, forest fires, dust storms and pollen dispersal are natural sources of air pollution.\n\nOverall, a combination of human activities and natural sources contribute to the degradation of air quality and the prevalence of air pollution.", "all_data": "*****INSTRUCTION:***** Identify the contributing factors of air pollution\n\n*****OUTPUT:***** Air pollution is a complex issue that can have multiple contributing factors, including:\n\n1. Burning of fossil fuels: The use of coal, oil, and gas for energy generation, transportation and industrial processes releases large quantities of harmful pollutants like sulfur dioxide, nitrogen oxides, and particulate matter into the air.\n\n2. Vehicles emissions: Cars, trucks, and buses powered by fossil fuels release large amounts of pollutants like carbon monoxide, hydrocarbons and particulate matter, contributing significantly to air pollution.\n\n3. Industrial activities: Many industries like manufacturing factories, chemical plants, mining operations emit pollutants such as gases, dust, and volatile organic compounds that contribute to air pollution.\n\n4. Agriculture: Livestock production and use of fertilizers and pesticides releases methane and ammonia gas that can contribute to air pollution.\n\n5. Waste management: Burning of waste, landfill gas emissions and decomposition of organic matter releases harmful pollutants that affect air quality.\n\n6. Deforestation: Removal of trees decreases the ability of the ecosystem to absorb pollutants and increases the amount of particles and dust in the air.\n\n7. Natural sources: Volcanic eruptions, forest fires, dust storms and pollen dispersal are natural sources of air pollution.\n\nOverall, a combination of human activities and natural sources contribute to the degradation of air quality and the prevalence of air pollution.\n*****QUESTION:***** If there is an explanation: Does the explanation include illustrative elements (e.g. examples)?", "index": 1286}, {"instruction": "Identify the contributing factors of air pollution", "input": "", "output": "Air pollution is a complex issue that can have multiple contributing factors, including:\n\n1. Burning of fossil fuels: The use of coal, oil, and gas for energy generation, transportation and industrial processes releases large quantities of harmful pollutants like sulfur dioxide, nitrogen oxides, and particulate matter into the air.\n\n2. Vehicles emissions: Cars, trucks, and buses powered by fossil fuels release large amounts of pollutants like carbon monoxide, hydrocarbons and particulate matter, contributing significantly to air pollution.\n\n3. Industrial activities: Many industries like manufacturing factories, chemical plants, mining operations emit pollutants such as gases, dust, and volatile organic compounds that contribute to air pollution.\n\n4. Agriculture: Livestock production and use of fertilizers and pesticides releases methane and ammonia gas that can contribute to air pollution.\n\n5. Waste management: Burning of waste, landfill gas emissions and decomposition of organic matter releases harmful pollutants that affect air quality.\n\n6. Deforestation: Removal of trees decreases the ability of the ecosystem to absorb pollutants and increases the amount of particles and dust in the air.\n\n7. Natural sources: Volcanic eruptions, forest fires, dust storms and pollen dispersal are natural sources of air pollution.\n\nOverall, a combination of human activities and natural sources contribute to the degradation of air quality and the prevalence of air pollution.", "all_data": "*****INSTRUCTION:***** Identify the contributing factors of air pollution\n\n*****OUTPUT:***** Air pollution is a complex issue that can have multiple contributing factors, including:\n\n1. Burning of fossil fuels: The use of coal, oil, and gas for energy generation, transportation and industrial processes releases large quantities of harmful pollutants like sulfur dioxide, nitrogen oxides, and particulate matter into the air.\n\n2. Vehicles emissions: Cars, trucks, and buses powered by fossil fuels release large amounts of pollutants like carbon monoxide, hydrocarbons and particulate matter, contributing significantly to air pollution.\n\n3. Industrial activities: Many industries like manufacturing factories, chemical plants, mining operations emit pollutants such as gases, dust, and volatile organic compounds that contribute to air pollution.\n\n4. Agriculture: Livestock production and use of fertilizers and pesticides releases methane and ammonia gas that can contribute to air pollution.\n\n5. Waste management: Burning of waste, landfill gas emissions and decomposition of organic matter releases harmful pollutants that affect air quality.\n\n6. Deforestation: Removal of trees decreases the ability of the ecosystem to absorb pollutants and increases the amount of particles and dust in the air.\n\n7. Natural sources: Volcanic eruptions, forest fires, dust storms and pollen dispersal are natural sources of air pollution.\n\nOverall, a combination of human activities and natural sources contribute to the degradation of air quality and the prevalence of air pollution.\n*****QUESTION:***** If there is an explanation: Is the explanation misleading (e.g. arguing for a label that is wrong)?", "index": 1287}, {"instruction": "Given a sentence and a word in the sentence, what is the correct part of speech?", "input": "He offered her a job. Job", "output": "The correct part of speech for the word \"job\" is a noun.", "all_data": "*****INSTRUCTION:***** Given a sentence and a word in the sentence, what is the correct part of speech?\nHe offered her a job. Job\n*****OUTPUT:***** The correct part of speech for the word \"job\" is a noun.\n*****QUESTION:***** Does the output contain an explanation for the prediction?", "index": 1288}, {"instruction": "Given a sentence and a word in the sentence, what is the correct part of speech?", "input": "He offered her a job. Job", "output": "The correct part of speech for the word \"job\" is a noun.", "all_data": "*****INSTRUCTION:***** Given a sentence and a word in the sentence, what is the correct part of speech?\nHe offered her a job. Job\n*****OUTPUT:***** The correct part of speech for the word \"job\" is a noun.\n*****QUESTION:***** Would you give an explanation/justify your reasoning if you were asked this question by a friend?", "index": 1289}, {"instruction": "Given a sentence and a word in the sentence, what is the correct part of speech?", "input": "He offered her a job. Job", "output": "The correct part of speech for the word \"job\" is a noun.", "all_data": "*****INSTRUCTION:***** Given a sentence and a word in the sentence, what is the correct part of speech?\nHe offered her a job. Job\n*****OUTPUT:***** The correct part of speech for the word \"job\" is a noun.\n*****QUESTION:***** If there is an explanation: Does the explanation refer to commonsense concepts that are taken as given?", "index": 1290}, {"instruction": "Given a sentence and a word in the sentence, what is the correct part of speech?", "input": "He offered her a job. Job", "output": "The correct part of speech for the word \"job\" is a noun.", "all_data": "*****INSTRUCTION:***** Given a sentence and a word in the sentence, what is the correct part of speech?\nHe offered her a job. Job\n*****OUTPUT:***** The correct part of speech for the word \"job\" is a noun.\n*****QUESTION:***** If there is an explanation: Does the explanation list contributing factors?", "index": 1291}, {"instruction": "Given a sentence and a word in the sentence, what is the correct part of speech?", "input": "He offered her a job. Job", "output": "The correct part of speech for the word \"job\" is a noun.", "all_data": "*****INSTRUCTION:***** Given a sentence and a word in the sentence, what is the correct part of speech?\nHe offered her a job. Job\n*****OUTPUT:***** The correct part of speech for the word \"job\" is a noun.\n*****QUESTION:***** If there is an explanation: Does the explanation include subjective or biased criteria?", "index": 1292}, {"instruction": "Given a sentence and a word in the sentence, what is the correct part of speech?", "input": "He offered her a job. Job", "output": "The correct part of speech for the word \"job\" is a noun.", "all_data": "*****INSTRUCTION:***** Given a sentence and a word in the sentence, what is the correct part of speech?\nHe offered her a job. Job\n*****OUTPUT:***** The correct part of speech for the word \"job\" is a noun.\n*****QUESTION:***** If there is an explanation: Does the explanation include illustrative elements (e.g. examples)?", "index": 1293}, {"instruction": "Given a sentence and a word in the sentence, what is the correct part of speech?", "input": "He offered her a job. Job", "output": "The correct part of speech for the word \"job\" is a noun.", "all_data": "*****INSTRUCTION:***** Given a sentence and a word in the sentence, what is the correct part of speech?\nHe offered her a job. Job\n*****OUTPUT:***** The correct part of speech for the word \"job\" is a noun.\n*****QUESTION:***** If there is an explanation: Is the explanation misleading (e.g. arguing for a label that is wrong)?", "index": 1294}, {"instruction": "Fix this sentence: \"I seen an amazing movie last night.\"", "input": "", "output": "\"I saw an amazing movie last night.\"", "all_data": "*****INSTRUCTION:***** Fix this sentence: \"I seen an amazing movie last night.\"\n\n*****OUTPUT:***** \"I saw an amazing movie last night.\"\n*****QUESTION:***** Does the output contain an explanation for the prediction?", "index": 1295}, {"instruction": "Fix this sentence: \"I seen an amazing movie last night.\"", "input": "", "output": "\"I saw an amazing movie last night.\"", "all_data": "*****INSTRUCTION:***** Fix this sentence: \"I seen an amazing movie last night.\"\n\n*****OUTPUT:***** \"I saw an amazing movie last night.\"\n*****QUESTION:***** Would you give an explanation/justify your reasoning if you were asked this question by a friend?", "index": 1296}, {"instruction": "Fix this sentence: \"I seen an amazing movie last night.\"", "input": "", "output": "\"I saw an amazing movie last night.\"", "all_data": "*****INSTRUCTION:***** Fix this sentence: \"I seen an amazing movie last night.\"\n\n*****OUTPUT:***** \"I saw an amazing movie last night.\"\n*****QUESTION:***** If there is an explanation: Does the explanation refer to commonsense concepts that are taken as given?", "index": 1297}, {"instruction": "Fix this sentence: \"I seen an amazing movie last night.\"", "input": "", "output": "\"I saw an amazing movie last night.\"", "all_data": "*****INSTRUCTION:***** Fix this sentence: \"I seen an amazing movie last night.\"\n\n*****OUTPUT:***** \"I saw an amazing movie last night.\"\n*****QUESTION:***** If there is an explanation: Does the explanation list contributing factors?", "index": 1298}, {"instruction": "Fix this sentence: \"I seen an amazing movie last night.\"", "input": "", "output": "\"I saw an amazing movie last night.\"", "all_data": "*****INSTRUCTION:***** Fix this sentence: \"I seen an amazing movie last night.\"\n\n*****OUTPUT:***** \"I saw an amazing movie last night.\"\n*****QUESTION:***** If there is an explanation: Does the explanation include subjective or biased criteria?", "index": 1299}, {"instruction": "Fix this sentence: \"I seen an amazing movie last night.\"", "input": "", "output": "\"I saw an amazing movie last night.\"", "all_data": "*****INSTRUCTION:***** Fix this sentence: \"I seen an amazing movie last night.\"\n\n*****OUTPUT:***** \"I saw an amazing movie last night.\"\n*****QUESTION:***** If there is an explanation: Does the explanation include illustrative elements (e.g. examples)?", "index": 1300}, {"instruction": "Fix this sentence: \"I seen an amazing movie last night.\"", "input": "", "output": "\"I saw an amazing movie last night.\"", "all_data": "*****INSTRUCTION:***** Fix this sentence: \"I seen an amazing movie last night.\"\n\n*****OUTPUT:***** \"I saw an amazing movie last night.\"\n*****QUESTION:***** If there is an explanation: Is the explanation misleading (e.g. arguing for a label that is wrong)?", "index": 1301}, {"instruction": "Generate a list of five things an astronaut might take to the moon.", "input": "", "output": "1. A spacesuit suitable for the lunar environment\n2. A supply of oxygen for breathing and hydration\n3. Scientific tools for conducting experiments and analyzing samples\n4. Food and provisions to sustain themselves\n5. Communication equipment for staying in touch with Earth.", "all_data": "*****INSTRUCTION:***** Generate a list of five things an astronaut might take to the moon.\n\n*****OUTPUT:***** 1. A spacesuit suitable for the lunar environment\n2. A supply of oxygen for breathing and hydration\n3. Scientific tools for conducting experiments and analyzing samples\n4. Food and provisions to sustain themselves\n5. Communication equipment for staying in touch with Earth.\n*****QUESTION:***** Does the output contain an explanation for the prediction?", "index": 1302}, {"instruction": "Generate a list of five things an astronaut might take to the moon.", "input": "", "output": "1. A spacesuit suitable for the lunar environment\n2. A supply of oxygen for breathing and hydration\n3. Scientific tools for conducting experiments and analyzing samples\n4. Food and provisions to sustain themselves\n5. Communication equipment for staying in touch with Earth.", "all_data": "*****INSTRUCTION:***** Generate a list of five things an astronaut might take to the moon.\n\n*****OUTPUT:***** 1. A spacesuit suitable for the lunar environment\n2. A supply of oxygen for breathing and hydration\n3. Scientific tools for conducting experiments and analyzing samples\n4. Food and provisions to sustain themselves\n5. Communication equipment for staying in touch with Earth.\n*****QUESTION:***** Would you give an explanation/justify your reasoning if you were asked this question by a friend?", "index": 1303}, {"instruction": "Generate a list of five things an astronaut might take to the moon.", "input": "", "output": "1. A spacesuit suitable for the lunar environment\n2. A supply of oxygen for breathing and hydration\n3. Scientific tools for conducting experiments and analyzing samples\n4. Food and provisions to sustain themselves\n5. Communication equipment for staying in touch with Earth.", "all_data": "*****INSTRUCTION:***** Generate a list of five things an astronaut might take to the moon.\n\n*****OUTPUT:***** 1. A spacesuit suitable for the lunar environment\n2. A supply of oxygen for breathing and hydration\n3. Scientific tools for conducting experiments and analyzing samples\n4. Food and provisions to sustain themselves\n5. Communication equipment for staying in touch with Earth.\n*****QUESTION:***** If there is an explanation: Does the explanation refer to commonsense concepts that are taken as given?", "index": 1304}, {"instruction": "Generate a list of five things an astronaut might take to the moon.", "input": "", "output": "1. A spacesuit suitable for the lunar environment\n2. A supply of oxygen for breathing and hydration\n3. Scientific tools for conducting experiments and analyzing samples\n4. Food and provisions to sustain themselves\n5. Communication equipment for staying in touch with Earth.", "all_data": "*****INSTRUCTION:***** Generate a list of five things an astronaut might take to the moon.\n\n*****OUTPUT:***** 1. A spacesuit suitable for the lunar environment\n2. A supply of oxygen for breathing and hydration\n3. Scientific tools for conducting experiments and analyzing samples\n4. Food and provisions to sustain themselves\n5. Communication equipment for staying in touch with Earth.\n*****QUESTION:***** If there is an explanation: Does the explanation list contributing factors?", "index": 1305}, {"instruction": "Generate a list of five things an astronaut might take to the moon.", "input": "", "output": "1. A spacesuit suitable for the lunar environment\n2. A supply of oxygen for breathing and hydration\n3. Scientific tools for conducting experiments and analyzing samples\n4. Food and provisions to sustain themselves\n5. Communication equipment for staying in touch with Earth.", "all_data": "*****INSTRUCTION:***** Generate a list of five things an astronaut might take to the moon.\n\n*****OUTPUT:***** 1. A spacesuit suitable for the lunar environment\n2. A supply of oxygen for breathing and hydration\n3. Scientific tools for conducting experiments and analyzing samples\n4. Food and provisions to sustain themselves\n5. Communication equipment for staying in touch with Earth.\n*****QUESTION:***** If there is an explanation: Does the explanation include subjective or biased criteria?", "index": 1306}, {"instruction": "Generate a list of five things an astronaut might take to the moon.", "input": "", "output": "1. A spacesuit suitable for the lunar environment\n2. A supply of oxygen for breathing and hydration\n3. Scientific tools for conducting experiments and analyzing samples\n4. Food and provisions to sustain themselves\n5. Communication equipment for staying in touch with Earth.", "all_data": "*****INSTRUCTION:***** Generate a list of five things an astronaut might take to the moon.\n\n*****OUTPUT:***** 1. A spacesuit suitable for the lunar environment\n2. A supply of oxygen for breathing and hydration\n3. Scientific tools for conducting experiments and analyzing samples\n4. Food and provisions to sustain themselves\n5. Communication equipment for staying in touch with Earth.\n*****QUESTION:***** If there is an explanation: Does the explanation include illustrative elements (e.g. examples)?", "index": 1307}, {"instruction": "Generate a list of five things an astronaut might take to the moon.", "input": "", "output": "1. A spacesuit suitable for the lunar environment\n2. A supply of oxygen for breathing and hydration\n3. Scientific tools for conducting experiments and analyzing samples\n4. Food and provisions to sustain themselves\n5. Communication equipment for staying in touch with Earth.", "all_data": "*****INSTRUCTION:***** Generate a list of five things an astronaut might take to the moon.\n\n*****OUTPUT:***** 1. A spacesuit suitable for the lunar environment\n2. A supply of oxygen for breathing and hydration\n3. Scientific tools for conducting experiments and analyzing samples\n4. Food and provisions to sustain themselves\n5. Communication equipment for staying in touch with Earth.\n*****QUESTION:***** If there is an explanation: Is the explanation misleading (e.g. arguing for a label that is wrong)?", "index": 1308}, {"instruction": "Make a rule to categorize documents depending on the information they contain.", "input": "", "output": "Here is one possible rule that can be used to categorize documents depending on their content:\n\n1. Identify common themes and topics: Create a list of common themes and topics that are relevant to the organization or individual categorizing the documents. These could include things like financial information, legal documents, marketing materials, human resources, technical reports, and so on.\n\n2. Analyze document content: Use natural language processing techniques to identify the main themes, topics, and keywords present in each document. This can be done through keyword extraction, topic modeling, text classification, and other techniques.\n\n3. Assign categories: Based on the results of the content analysis, assign each document to one or more relevant categories. For example, a document that contains financial data and discusses budgets and expenses could be categorized as a financial document.\n\n4. Create a filing system: Use the categories to create a structured filing system, either physically or digitally. Within each category, documents can be further organized by criteria such as date, relevance, author, etc.\n\nThis rule can be systematically applied to categorize documents depending on the information they contain, making it easier to organize, search for, and retrieve documents when needed.", "all_data": "*****INSTRUCTION:***** Make a rule to categorize documents depending on the information they contain.\n\n*****OUTPUT:***** Here is one possible rule that can be used to categorize documents depending on their content:\n\n1. Identify common themes and topics: Create a list of common themes and topics that are relevant to the organization or individual categorizing the documents. These could include things like financial information, legal documents, marketing materials, human resources, technical reports, and so on.\n\n2. Analyze document content: Use natural language processing techniques to identify the main themes, topics, and keywords present in each document. This can be done through keyword extraction, topic modeling, text classification, and other techniques.\n\n3. Assign categories: Based on the results of the content analysis, assign each document to one or more relevant categories. For example, a document that contains financial data and discusses budgets and expenses could be categorized as a financial document.\n\n4. Create a filing system: Use the categories to create a structured filing system, either physically or digitally. Within each category, documents can be further organized by criteria such as date, relevance, author, etc.\n\nThis rule can be systematically applied to categorize documents depending on the information they contain, making it easier to organize, search for, and retrieve documents when needed.\n*****QUESTION:***** Does the output contain an explanation for the prediction?", "index": 1309}, {"instruction": "Make a rule to categorize documents depending on the information they contain.", "input": "", "output": "Here is one possible rule that can be used to categorize documents depending on their content:\n\n1. Identify common themes and topics: Create a list of common themes and topics that are relevant to the organization or individual categorizing the documents. These could include things like financial information, legal documents, marketing materials, human resources, technical reports, and so on.\n\n2. Analyze document content: Use natural language processing techniques to identify the main themes, topics, and keywords present in each document. This can be done through keyword extraction, topic modeling, text classification, and other techniques.\n\n3. Assign categories: Based on the results of the content analysis, assign each document to one or more relevant categories. For example, a document that contains financial data and discusses budgets and expenses could be categorized as a financial document.\n\n4. Create a filing system: Use the categories to create a structured filing system, either physically or digitally. Within each category, documents can be further organized by criteria such as date, relevance, author, etc.\n\nThis rule can be systematically applied to categorize documents depending on the information they contain, making it easier to organize, search for, and retrieve documents when needed.", "all_data": "*****INSTRUCTION:***** Make a rule to categorize documents depending on the information they contain.\n\n*****OUTPUT:***** Here is one possible rule that can be used to categorize documents depending on their content:\n\n1. Identify common themes and topics: Create a list of common themes and topics that are relevant to the organization or individual categorizing the documents. These could include things like financial information, legal documents, marketing materials, human resources, technical reports, and so on.\n\n2. Analyze document content: Use natural language processing techniques to identify the main themes, topics, and keywords present in each document. This can be done through keyword extraction, topic modeling, text classification, and other techniques.\n\n3. Assign categories: Based on the results of the content analysis, assign each document to one or more relevant categories. For example, a document that contains financial data and discusses budgets and expenses could be categorized as a financial document.\n\n4. Create a filing system: Use the categories to create a structured filing system, either physically or digitally. Within each category, documents can be further organized by criteria such as date, relevance, author, etc.\n\nThis rule can be systematically applied to categorize documents depending on the information they contain, making it easier to organize, search for, and retrieve documents when needed.\n*****QUESTION:***** Would you give an explanation/justify your reasoning if you were asked this question by a friend?", "index": 1310}, {"instruction": "Make a rule to categorize documents depending on the information they contain.", "input": "", "output": "Here is one possible rule that can be used to categorize documents depending on their content:\n\n1. Identify common themes and topics: Create a list of common themes and topics that are relevant to the organization or individual categorizing the documents. These could include things like financial information, legal documents, marketing materials, human resources, technical reports, and so on.\n\n2. Analyze document content: Use natural language processing techniques to identify the main themes, topics, and keywords present in each document. This can be done through keyword extraction, topic modeling, text classification, and other techniques.\n\n3. Assign categories: Based on the results of the content analysis, assign each document to one or more relevant categories. For example, a document that contains financial data and discusses budgets and expenses could be categorized as a financial document.\n\n4. Create a filing system: Use the categories to create a structured filing system, either physically or digitally. Within each category, documents can be further organized by criteria such as date, relevance, author, etc.\n\nThis rule can be systematically applied to categorize documents depending on the information they contain, making it easier to organize, search for, and retrieve documents when needed.", "all_data": "*****INSTRUCTION:***** Make a rule to categorize documents depending on the information they contain.\n\n*****OUTPUT:***** Here is one possible rule that can be used to categorize documents depending on their content:\n\n1. Identify common themes and topics: Create a list of common themes and topics that are relevant to the organization or individual categorizing the documents. These could include things like financial information, legal documents, marketing materials, human resources, technical reports, and so on.\n\n2. Analyze document content: Use natural language processing techniques to identify the main themes, topics, and keywords present in each document. This can be done through keyword extraction, topic modeling, text classification, and other techniques.\n\n3. Assign categories: Based on the results of the content analysis, assign each document to one or more relevant categories. For example, a document that contains financial data and discusses budgets and expenses could be categorized as a financial document.\n\n4. Create a filing system: Use the categories to create a structured filing system, either physically or digitally. Within each category, documents can be further organized by criteria such as date, relevance, author, etc.\n\nThis rule can be systematically applied to categorize documents depending on the information they contain, making it easier to organize, search for, and retrieve documents when needed.\n*****QUESTION:***** If there is an explanation: Does the explanation refer to commonsense concepts that are taken as given?", "index": 1311}, {"instruction": "Make a rule to categorize documents depending on the information they contain.", "input": "", "output": "Here is one possible rule that can be used to categorize documents depending on their content:\n\n1. Identify common themes and topics: Create a list of common themes and topics that are relevant to the organization or individual categorizing the documents. These could include things like financial information, legal documents, marketing materials, human resources, technical reports, and so on.\n\n2. Analyze document content: Use natural language processing techniques to identify the main themes, topics, and keywords present in each document. This can be done through keyword extraction, topic modeling, text classification, and other techniques.\n\n3. Assign categories: Based on the results of the content analysis, assign each document to one or more relevant categories. For example, a document that contains financial data and discusses budgets and expenses could be categorized as a financial document.\n\n4. Create a filing system: Use the categories to create a structured filing system, either physically or digitally. Within each category, documents can be further organized by criteria such as date, relevance, author, etc.\n\nThis rule can be systematically applied to categorize documents depending on the information they contain, making it easier to organize, search for, and retrieve documents when needed.", "all_data": "*****INSTRUCTION:***** Make a rule to categorize documents depending on the information they contain.\n\n*****OUTPUT:***** Here is one possible rule that can be used to categorize documents depending on their content:\n\n1. Identify common themes and topics: Create a list of common themes and topics that are relevant to the organization or individual categorizing the documents. These could include things like financial information, legal documents, marketing materials, human resources, technical reports, and so on.\n\n2. Analyze document content: Use natural language processing techniques to identify the main themes, topics, and keywords present in each document. This can be done through keyword extraction, topic modeling, text classification, and other techniques.\n\n3. Assign categories: Based on the results of the content analysis, assign each document to one or more relevant categories. For example, a document that contains financial data and discusses budgets and expenses could be categorized as a financial document.\n\n4. Create a filing system: Use the categories to create a structured filing system, either physically or digitally. Within each category, documents can be further organized by criteria such as date, relevance, author, etc.\n\nThis rule can be systematically applied to categorize documents depending on the information they contain, making it easier to organize, search for, and retrieve documents when needed.\n*****QUESTION:***** If there is an explanation: Does the explanation list contributing factors?", "index": 1312}, {"instruction": "Make a rule to categorize documents depending on the information they contain.", "input": "", "output": "Here is one possible rule that can be used to categorize documents depending on their content:\n\n1. Identify common themes and topics: Create a list of common themes and topics that are relevant to the organization or individual categorizing the documents. These could include things like financial information, legal documents, marketing materials, human resources, technical reports, and so on.\n\n2. Analyze document content: Use natural language processing techniques to identify the main themes, topics, and keywords present in each document. This can be done through keyword extraction, topic modeling, text classification, and other techniques.\n\n3. Assign categories: Based on the results of the content analysis, assign each document to one or more relevant categories. For example, a document that contains financial data and discusses budgets and expenses could be categorized as a financial document.\n\n4. Create a filing system: Use the categories to create a structured filing system, either physically or digitally. Within each category, documents can be further organized by criteria such as date, relevance, author, etc.\n\nThis rule can be systematically applied to categorize documents depending on the information they contain, making it easier to organize, search for, and retrieve documents when needed.", "all_data": "*****INSTRUCTION:***** Make a rule to categorize documents depending on the information they contain.\n\n*****OUTPUT:***** Here is one possible rule that can be used to categorize documents depending on their content:\n\n1. Identify common themes and topics: Create a list of common themes and topics that are relevant to the organization or individual categorizing the documents. These could include things like financial information, legal documents, marketing materials, human resources, technical reports, and so on.\n\n2. Analyze document content: Use natural language processing techniques to identify the main themes, topics, and keywords present in each document. This can be done through keyword extraction, topic modeling, text classification, and other techniques.\n\n3. Assign categories: Based on the results of the content analysis, assign each document to one or more relevant categories. For example, a document that contains financial data and discusses budgets and expenses could be categorized as a financial document.\n\n4. Create a filing system: Use the categories to create a structured filing system, either physically or digitally. Within each category, documents can be further organized by criteria such as date, relevance, author, etc.\n\nThis rule can be systematically applied to categorize documents depending on the information they contain, making it easier to organize, search for, and retrieve documents when needed.\n*****QUESTION:***** If there is an explanation: Does the explanation include subjective or biased criteria?", "index": 1313}, {"instruction": "Make a rule to categorize documents depending on the information they contain.", "input": "", "output": "Here is one possible rule that can be used to categorize documents depending on their content:\n\n1. Identify common themes and topics: Create a list of common themes and topics that are relevant to the organization or individual categorizing the documents. These could include things like financial information, legal documents, marketing materials, human resources, technical reports, and so on.\n\n2. Analyze document content: Use natural language processing techniques to identify the main themes, topics, and keywords present in each document. This can be done through keyword extraction, topic modeling, text classification, and other techniques.\n\n3. Assign categories: Based on the results of the content analysis, assign each document to one or more relevant categories. For example, a document that contains financial data and discusses budgets and expenses could be categorized as a financial document.\n\n4. Create a filing system: Use the categories to create a structured filing system, either physically or digitally. Within each category, documents can be further organized by criteria such as date, relevance, author, etc.\n\nThis rule can be systematically applied to categorize documents depending on the information they contain, making it easier to organize, search for, and retrieve documents when needed.", "all_data": "*****INSTRUCTION:***** Make a rule to categorize documents depending on the information they contain.\n\n*****OUTPUT:***** Here is one possible rule that can be used to categorize documents depending on their content:\n\n1. Identify common themes and topics: Create a list of common themes and topics that are relevant to the organization or individual categorizing the documents. These could include things like financial information, legal documents, marketing materials, human resources, technical reports, and so on.\n\n2. Analyze document content: Use natural language processing techniques to identify the main themes, topics, and keywords present in each document. This can be done through keyword extraction, topic modeling, text classification, and other techniques.\n\n3. Assign categories: Based on the results of the content analysis, assign each document to one or more relevant categories. For example, a document that contains financial data and discusses budgets and expenses could be categorized as a financial document.\n\n4. Create a filing system: Use the categories to create a structured filing system, either physically or digitally. Within each category, documents can be further organized by criteria such as date, relevance, author, etc.\n\nThis rule can be systematically applied to categorize documents depending on the information they contain, making it easier to organize, search for, and retrieve documents when needed.\n*****QUESTION:***** If there is an explanation: Does the explanation include illustrative elements (e.g. examples)?", "index": 1314}, {"instruction": "Make a rule to categorize documents depending on the information they contain.", "input": "", "output": "Here is one possible rule that can be used to categorize documents depending on their content:\n\n1. Identify common themes and topics: Create a list of common themes and topics that are relevant to the organization or individual categorizing the documents. These could include things like financial information, legal documents, marketing materials, human resources, technical reports, and so on.\n\n2. Analyze document content: Use natural language processing techniques to identify the main themes, topics, and keywords present in each document. This can be done through keyword extraction, topic modeling, text classification, and other techniques.\n\n3. Assign categories: Based on the results of the content analysis, assign each document to one or more relevant categories. For example, a document that contains financial data and discusses budgets and expenses could be categorized as a financial document.\n\n4. Create a filing system: Use the categories to create a structured filing system, either physically or digitally. Within each category, documents can be further organized by criteria such as date, relevance, author, etc.\n\nThis rule can be systematically applied to categorize documents depending on the information they contain, making it easier to organize, search for, and retrieve documents when needed.", "all_data": "*****INSTRUCTION:***** Make a rule to categorize documents depending on the information they contain.\n\n*****OUTPUT:***** Here is one possible rule that can be used to categorize documents depending on their content:\n\n1. Identify common themes and topics: Create a list of common themes and topics that are relevant to the organization or individual categorizing the documents. These could include things like financial information, legal documents, marketing materials, human resources, technical reports, and so on.\n\n2. Analyze document content: Use natural language processing techniques to identify the main themes, topics, and keywords present in each document. This can be done through keyword extraction, topic modeling, text classification, and other techniques.\n\n3. Assign categories: Based on the results of the content analysis, assign each document to one or more relevant categories. For example, a document that contains financial data and discusses budgets and expenses could be categorized as a financial document.\n\n4. Create a filing system: Use the categories to create a structured filing system, either physically or digitally. Within each category, documents can be further organized by criteria such as date, relevance, author, etc.\n\nThis rule can be systematically applied to categorize documents depending on the information they contain, making it easier to organize, search for, and retrieve documents when needed.\n*****QUESTION:***** If there is an explanation: Is the explanation misleading (e.g. arguing for a label that is wrong)?", "index": 1315}, {"instruction": "How many teaspoons equal 1 tablespoon?", "input": "", "output": "1 tablespoon is equivalent to 3 teaspoons.", "all_data": "*****INSTRUCTION:***** How many teaspoons equal 1 tablespoon?\n\n*****OUTPUT:***** 1 tablespoon is equivalent to 3 teaspoons.\n*****QUESTION:***** Does the output contain an explanation for the prediction?", "index": 1316}, {"instruction": "How many teaspoons equal 1 tablespoon?", "input": "", "output": "1 tablespoon is equivalent to 3 teaspoons.", "all_data": "*****INSTRUCTION:***** How many teaspoons equal 1 tablespoon?\n\n*****OUTPUT:***** 1 tablespoon is equivalent to 3 teaspoons.\n*****QUESTION:***** Would you give an explanation/justify your reasoning if you were asked this question by a friend?", "index": 1317}, {"instruction": "How many teaspoons equal 1 tablespoon?", "input": "", "output": "1 tablespoon is equivalent to 3 teaspoons.", "all_data": "*****INSTRUCTION:***** How many teaspoons equal 1 tablespoon?\n\n*****OUTPUT:***** 1 tablespoon is equivalent to 3 teaspoons.\n*****QUESTION:***** If there is an explanation: Does the explanation refer to commonsense concepts that are taken as given?", "index": 1318}, {"instruction": "How many teaspoons equal 1 tablespoon?", "input": "", "output": "1 tablespoon is equivalent to 3 teaspoons.", "all_data": "*****INSTRUCTION:***** How many teaspoons equal 1 tablespoon?\n\n*****OUTPUT:***** 1 tablespoon is equivalent to 3 teaspoons.\n*****QUESTION:***** If there is an explanation: Does the explanation list contributing factors?", "index": 1319}, {"instruction": "How many teaspoons equal 1 tablespoon?", "input": "", "output": "1 tablespoon is equivalent to 3 teaspoons.", "all_data": "*****INSTRUCTION:***** How many teaspoons equal 1 tablespoon?\n\n*****OUTPUT:***** 1 tablespoon is equivalent to 3 teaspoons.\n*****QUESTION:***** If there is an explanation: Does the explanation include subjective or biased criteria?", "index": 1320}, {"instruction": "How many teaspoons equal 1 tablespoon?", "input": "", "output": "1 tablespoon is equivalent to 3 teaspoons.", "all_data": "*****INSTRUCTION:***** How many teaspoons equal 1 tablespoon?\n\n*****OUTPUT:***** 1 tablespoon is equivalent to 3 teaspoons.\n*****QUESTION:***** If there is an explanation: Does the explanation include illustrative elements (e.g. examples)?", "index": 1321}, {"instruction": "How many teaspoons equal 1 tablespoon?", "input": "", "output": "1 tablespoon is equivalent to 3 teaspoons.", "all_data": "*****INSTRUCTION:***** How many teaspoons equal 1 tablespoon?\n\n*****OUTPUT:***** 1 tablespoon is equivalent to 3 teaspoons.\n*****QUESTION:***** If there is an explanation: Is the explanation misleading (e.g. arguing for a label that is wrong)?", "index": 1322}, {"instruction": "Create 3 conversation topics for a business meeting with the given client.", "input": "An investment firm", "output": "1) Discussing potential investment opportunities: As an investment firm, some of the conversation can be geared towards discussing promising sectors, projects, or companies that might be worth investing in, and analyzing the potential risks and rewards associated with each of these opportunities.\n\n2) Reviewing market trends and updates: Staying up-to-date with market trends and events is crucial in the investment world, so a topic of discussion can be a review of what has been happening in the markets recently, and what is expected to happen in the near future.\n\n3) Performance review and portfolio analysis: A regular topic for a business meeting with an investment firm can be a review of their portfolio's performance, and discussing decisions that need to be made in response to changes in the market or performance of specific assets. This can also include a discussion on diversification strategies and risk management.", "all_data": "*****INSTRUCTION:***** Create 3 conversation topics for a business meeting with the given client.\nAn investment firm\n*****OUTPUT:***** 1) Discussing potential investment opportunities: As an investment firm, some of the conversation can be geared towards discussing promising sectors, projects, or companies that might be worth investing in, and analyzing the potential risks and rewards associated with each of these opportunities.\n\n2) Reviewing market trends and updates: Staying up-to-date with market trends and events is crucial in the investment world, so a topic of discussion can be a review of what has been happening in the markets recently, and what is expected to happen in the near future.\n\n3) Performance review and portfolio analysis: A regular topic for a business meeting with an investment firm can be a review of their portfolio's performance, and discussing decisions that need to be made in response to changes in the market or performance of specific assets. This can also include a discussion on diversification strategies and risk management.\n*****QUESTION:***** Does the output contain an explanation for the prediction?", "index": 1323}, {"instruction": "Create 3 conversation topics for a business meeting with the given client.", "input": "An investment firm", "output": "1) Discussing potential investment opportunities: As an investment firm, some of the conversation can be geared towards discussing promising sectors, projects, or companies that might be worth investing in, and analyzing the potential risks and rewards associated with each of these opportunities.\n\n2) Reviewing market trends and updates: Staying up-to-date with market trends and events is crucial in the investment world, so a topic of discussion can be a review of what has been happening in the markets recently, and what is expected to happen in the near future.\n\n3) Performance review and portfolio analysis: A regular topic for a business meeting with an investment firm can be a review of their portfolio's performance, and discussing decisions that need to be made in response to changes in the market or performance of specific assets. This can also include a discussion on diversification strategies and risk management.", "all_data": "*****INSTRUCTION:***** Create 3 conversation topics for a business meeting with the given client.\nAn investment firm\n*****OUTPUT:***** 1) Discussing potential investment opportunities: As an investment firm, some of the conversation can be geared towards discussing promising sectors, projects, or companies that might be worth investing in, and analyzing the potential risks and rewards associated with each of these opportunities.\n\n2) Reviewing market trends and updates: Staying up-to-date with market trends and events is crucial in the investment world, so a topic of discussion can be a review of what has been happening in the markets recently, and what is expected to happen in the near future.\n\n3) Performance review and portfolio analysis: A regular topic for a business meeting with an investment firm can be a review of their portfolio's performance, and discussing decisions that need to be made in response to changes in the market or performance of specific assets. This can also include a discussion on diversification strategies and risk management.\n*****QUESTION:***** Would you give an explanation/justify your reasoning if you were asked this question by a friend?", "index": 1324}, {"instruction": "Create 3 conversation topics for a business meeting with the given client.", "input": "An investment firm", "output": "1) Discussing potential investment opportunities: As an investment firm, some of the conversation can be geared towards discussing promising sectors, projects, or companies that might be worth investing in, and analyzing the potential risks and rewards associated with each of these opportunities.\n\n2) Reviewing market trends and updates: Staying up-to-date with market trends and events is crucial in the investment world, so a topic of discussion can be a review of what has been happening in the markets recently, and what is expected to happen in the near future.\n\n3) Performance review and portfolio analysis: A regular topic for a business meeting with an investment firm can be a review of their portfolio's performance, and discussing decisions that need to be made in response to changes in the market or performance of specific assets. This can also include a discussion on diversification strategies and risk management.", "all_data": "*****INSTRUCTION:***** Create 3 conversation topics for a business meeting with the given client.\nAn investment firm\n*****OUTPUT:***** 1) Discussing potential investment opportunities: As an investment firm, some of the conversation can be geared towards discussing promising sectors, projects, or companies that might be worth investing in, and analyzing the potential risks and rewards associated with each of these opportunities.\n\n2) Reviewing market trends and updates: Staying up-to-date with market trends and events is crucial in the investment world, so a topic of discussion can be a review of what has been happening in the markets recently, and what is expected to happen in the near future.\n\n3) Performance review and portfolio analysis: A regular topic for a business meeting with an investment firm can be a review of their portfolio's performance, and discussing decisions that need to be made in response to changes in the market or performance of specific assets. This can also include a discussion on diversification strategies and risk management.\n*****QUESTION:***** If there is an explanation: Does the explanation refer to commonsense concepts that are taken as given?", "index": 1325}, {"instruction": "Create 3 conversation topics for a business meeting with the given client.", "input": "An investment firm", "output": "1) Discussing potential investment opportunities: As an investment firm, some of the conversation can be geared towards discussing promising sectors, projects, or companies that might be worth investing in, and analyzing the potential risks and rewards associated with each of these opportunities.\n\n2) Reviewing market trends and updates: Staying up-to-date with market trends and events is crucial in the investment world, so a topic of discussion can be a review of what has been happening in the markets recently, and what is expected to happen in the near future.\n\n3) Performance review and portfolio analysis: A regular topic for a business meeting with an investment firm can be a review of their portfolio's performance, and discussing decisions that need to be made in response to changes in the market or performance of specific assets. This can also include a discussion on diversification strategies and risk management.", "all_data": "*****INSTRUCTION:***** Create 3 conversation topics for a business meeting with the given client.\nAn investment firm\n*****OUTPUT:***** 1) Discussing potential investment opportunities: As an investment firm, some of the conversation can be geared towards discussing promising sectors, projects, or companies that might be worth investing in, and analyzing the potential risks and rewards associated with each of these opportunities.\n\n2) Reviewing market trends and updates: Staying up-to-date with market trends and events is crucial in the investment world, so a topic of discussion can be a review of what has been happening in the markets recently, and what is expected to happen in the near future.\n\n3) Performance review and portfolio analysis: A regular topic for a business meeting with an investment firm can be a review of their portfolio's performance, and discussing decisions that need to be made in response to changes in the market or performance of specific assets. This can also include a discussion on diversification strategies and risk management.\n*****QUESTION:***** If there is an explanation: Does the explanation list contributing factors?", "index": 1326}, {"instruction": "Create 3 conversation topics for a business meeting with the given client.", "input": "An investment firm", "output": "1) Discussing potential investment opportunities: As an investment firm, some of the conversation can be geared towards discussing promising sectors, projects, or companies that might be worth investing in, and analyzing the potential risks and rewards associated with each of these opportunities.\n\n2) Reviewing market trends and updates: Staying up-to-date with market trends and events is crucial in the investment world, so a topic of discussion can be a review of what has been happening in the markets recently, and what is expected to happen in the near future.\n\n3) Performance review and portfolio analysis: A regular topic for a business meeting with an investment firm can be a review of their portfolio's performance, and discussing decisions that need to be made in response to changes in the market or performance of specific assets. This can also include a discussion on diversification strategies and risk management.", "all_data": "*****INSTRUCTION:***** Create 3 conversation topics for a business meeting with the given client.\nAn investment firm\n*****OUTPUT:***** 1) Discussing potential investment opportunities: As an investment firm, some of the conversation can be geared towards discussing promising sectors, projects, or companies that might be worth investing in, and analyzing the potential risks and rewards associated with each of these opportunities.\n\n2) Reviewing market trends and updates: Staying up-to-date with market trends and events is crucial in the investment world, so a topic of discussion can be a review of what has been happening in the markets recently, and what is expected to happen in the near future.\n\n3) Performance review and portfolio analysis: A regular topic for a business meeting with an investment firm can be a review of their portfolio's performance, and discussing decisions that need to be made in response to changes in the market or performance of specific assets. This can also include a discussion on diversification strategies and risk management.\n*****QUESTION:***** If there is an explanation: Does the explanation include subjective or biased criteria?", "index": 1327}, {"instruction": "Create 3 conversation topics for a business meeting with the given client.", "input": "An investment firm", "output": "1) Discussing potential investment opportunities: As an investment firm, some of the conversation can be geared towards discussing promising sectors, projects, or companies that might be worth investing in, and analyzing the potential risks and rewards associated with each of these opportunities.\n\n2) Reviewing market trends and updates: Staying up-to-date with market trends and events is crucial in the investment world, so a topic of discussion can be a review of what has been happening in the markets recently, and what is expected to happen in the near future.\n\n3) Performance review and portfolio analysis: A regular topic for a business meeting with an investment firm can be a review of their portfolio's performance, and discussing decisions that need to be made in response to changes in the market or performance of specific assets. This can also include a discussion on diversification strategies and risk management.", "all_data": "*****INSTRUCTION:***** Create 3 conversation topics for a business meeting with the given client.\nAn investment firm\n*****OUTPUT:***** 1) Discussing potential investment opportunities: As an investment firm, some of the conversation can be geared towards discussing promising sectors, projects, or companies that might be worth investing in, and analyzing the potential risks and rewards associated with each of these opportunities.\n\n2) Reviewing market trends and updates: Staying up-to-date with market trends and events is crucial in the investment world, so a topic of discussion can be a review of what has been happening in the markets recently, and what is expected to happen in the near future.\n\n3) Performance review and portfolio analysis: A regular topic for a business meeting with an investment firm can be a review of their portfolio's performance, and discussing decisions that need to be made in response to changes in the market or performance of specific assets. This can also include a discussion on diversification strategies and risk management.\n*****QUESTION:***** If there is an explanation: Does the explanation include illustrative elements (e.g. examples)?", "index": 1328}, {"instruction": "Create 3 conversation topics for a business meeting with the given client.", "input": "An investment firm", "output": "1) Discussing potential investment opportunities: As an investment firm, some of the conversation can be geared towards discussing promising sectors, projects, or companies that might be worth investing in, and analyzing the potential risks and rewards associated with each of these opportunities.\n\n2) Reviewing market trends and updates: Staying up-to-date with market trends and events is crucial in the investment world, so a topic of discussion can be a review of what has been happening in the markets recently, and what is expected to happen in the near future.\n\n3) Performance review and portfolio analysis: A regular topic for a business meeting with an investment firm can be a review of their portfolio's performance, and discussing decisions that need to be made in response to changes in the market or performance of specific assets. This can also include a discussion on diversification strategies and risk management.", "all_data": "*****INSTRUCTION:***** Create 3 conversation topics for a business meeting with the given client.\nAn investment firm\n*****OUTPUT:***** 1) Discussing potential investment opportunities: As an investment firm, some of the conversation can be geared towards discussing promising sectors, projects, or companies that might be worth investing in, and analyzing the potential risks and rewards associated with each of these opportunities.\n\n2) Reviewing market trends and updates: Staying up-to-date with market trends and events is crucial in the investment world, so a topic of discussion can be a review of what has been happening in the markets recently, and what is expected to happen in the near future.\n\n3) Performance review and portfolio analysis: A regular topic for a business meeting with an investment firm can be a review of their portfolio's performance, and discussing decisions that need to be made in response to changes in the market or performance of specific assets. This can also include a discussion on diversification strategies and risk management.\n*****QUESTION:***** If there is an explanation: Is the explanation misleading (e.g. arguing for a label that is wrong)?", "index": 1329}, {"instruction": "How can we best protect ourselves from cyber threats?", "input": "", "output": "There are several ways to protect yourself from cyber threats:\n\n1. Keep your software and systems updated: Hackers often target vulnerabilities in outdated software, so make sure to regularly update all of your devices and software.\n\n2. Use strong passwords and enable two-factor authentication: Use unique, complex passwords for all of your accounts, and enable two-factor authentication whenever possible to add an extra layer of security.\n\n3. Be cautious when clicking links or downloading attachments: One of the most common ways hackers gain access to your information is through phishing attacks. Always hover over links before clicking them and be cautious when downloading attachments, especially if they are from unknown senders.\n\n4. Use anti-virus software and firewalls: Make sure to install reputable anti-virus software and enable firewalls on all of your devices.\n\n5. Back up important data: Regularly back up important data to protect against data loss in case your device is compromised.\n\n6. Educate yourself: Educating yourself about the latest cyber threats and how to identify them can go a long way in protecting yourself. Stay up to date with the latest security news and alerts.\n\nBy following these tips, you can reduce the risk of becoming a victim of a cyber attack.", "all_data": "*****INSTRUCTION:***** How can we best protect ourselves from cyber threats?\n\n*****OUTPUT:***** There are several ways to protect yourself from cyber threats:\n\n1. Keep your software and systems updated: Hackers often target vulnerabilities in outdated software, so make sure to regularly update all of your devices and software.\n\n2. Use strong passwords and enable two-factor authentication: Use unique, complex passwords for all of your accounts, and enable two-factor authentication whenever possible to add an extra layer of security.\n\n3. Be cautious when clicking links or downloading attachments: One of the most common ways hackers gain access to your information is through phishing attacks. Always hover over links before clicking them and be cautious when downloading attachments, especially if they are from unknown senders.\n\n4. Use anti-virus software and firewalls: Make sure to install reputable anti-virus software and enable firewalls on all of your devices.\n\n5. Back up important data: Regularly back up important data to protect against data loss in case your device is compromised.\n\n6. Educate yourself: Educating yourself about the latest cyber threats and how to identify them can go a long way in protecting yourself. Stay up to date with the latest security news and alerts.\n\nBy following these tips, you can reduce the risk of becoming a victim of a cyber attack.\n*****QUESTION:***** Does the output contain an explanation for the prediction?", "index": 1330}, {"instruction": "How can we best protect ourselves from cyber threats?", "input": "", "output": "There are several ways to protect yourself from cyber threats:\n\n1. Keep your software and systems updated: Hackers often target vulnerabilities in outdated software, so make sure to regularly update all of your devices and software.\n\n2. Use strong passwords and enable two-factor authentication: Use unique, complex passwords for all of your accounts, and enable two-factor authentication whenever possible to add an extra layer of security.\n\n3. Be cautious when clicking links or downloading attachments: One of the most common ways hackers gain access to your information is through phishing attacks. Always hover over links before clicking them and be cautious when downloading attachments, especially if they are from unknown senders.\n\n4. Use anti-virus software and firewalls: Make sure to install reputable anti-virus software and enable firewalls on all of your devices.\n\n5. Back up important data: Regularly back up important data to protect against data loss in case your device is compromised.\n\n6. Educate yourself: Educating yourself about the latest cyber threats and how to identify them can go a long way in protecting yourself. Stay up to date with the latest security news and alerts.\n\nBy following these tips, you can reduce the risk of becoming a victim of a cyber attack.", "all_data": "*****INSTRUCTION:***** How can we best protect ourselves from cyber threats?\n\n*****OUTPUT:***** There are several ways to protect yourself from cyber threats:\n\n1. Keep your software and systems updated: Hackers often target vulnerabilities in outdated software, so make sure to regularly update all of your devices and software.\n\n2. Use strong passwords and enable two-factor authentication: Use unique, complex passwords for all of your accounts, and enable two-factor authentication whenever possible to add an extra layer of security.\n\n3. Be cautious when clicking links or downloading attachments: One of the most common ways hackers gain access to your information is through phishing attacks. Always hover over links before clicking them and be cautious when downloading attachments, especially if they are from unknown senders.\n\n4. Use anti-virus software and firewalls: Make sure to install reputable anti-virus software and enable firewalls on all of your devices.\n\n5. Back up important data: Regularly back up important data to protect against data loss in case your device is compromised.\n\n6. Educate yourself: Educating yourself about the latest cyber threats and how to identify them can go a long way in protecting yourself. Stay up to date with the latest security news and alerts.\n\nBy following these tips, you can reduce the risk of becoming a victim of a cyber attack.\n*****QUESTION:***** Would you give an explanation/justify your reasoning if you were asked this question by a friend?", "index": 1331}, {"instruction": "How can we best protect ourselves from cyber threats?", "input": "", "output": "There are several ways to protect yourself from cyber threats:\n\n1. Keep your software and systems updated: Hackers often target vulnerabilities in outdated software, so make sure to regularly update all of your devices and software.\n\n2. Use strong passwords and enable two-factor authentication: Use unique, complex passwords for all of your accounts, and enable two-factor authentication whenever possible to add an extra layer of security.\n\n3. Be cautious when clicking links or downloading attachments: One of the most common ways hackers gain access to your information is through phishing attacks. Always hover over links before clicking them and be cautious when downloading attachments, especially if they are from unknown senders.\n\n4. Use anti-virus software and firewalls: Make sure to install reputable anti-virus software and enable firewalls on all of your devices.\n\n5. Back up important data: Regularly back up important data to protect against data loss in case your device is compromised.\n\n6. Educate yourself: Educating yourself about the latest cyber threats and how to identify them can go a long way in protecting yourself. Stay up to date with the latest security news and alerts.\n\nBy following these tips, you can reduce the risk of becoming a victim of a cyber attack.", "all_data": "*****INSTRUCTION:***** How can we best protect ourselves from cyber threats?\n\n*****OUTPUT:***** There are several ways to protect yourself from cyber threats:\n\n1. Keep your software and systems updated: Hackers often target vulnerabilities in outdated software, so make sure to regularly update all of your devices and software.\n\n2. Use strong passwords and enable two-factor authentication: Use unique, complex passwords for all of your accounts, and enable two-factor authentication whenever possible to add an extra layer of security.\n\n3. Be cautious when clicking links or downloading attachments: One of the most common ways hackers gain access to your information is through phishing attacks. Always hover over links before clicking them and be cautious when downloading attachments, especially if they are from unknown senders.\n\n4. Use anti-virus software and firewalls: Make sure to install reputable anti-virus software and enable firewalls on all of your devices.\n\n5. Back up important data: Regularly back up important data to protect against data loss in case your device is compromised.\n\n6. Educate yourself: Educating yourself about the latest cyber threats and how to identify them can go a long way in protecting yourself. Stay up to date with the latest security news and alerts.\n\nBy following these tips, you can reduce the risk of becoming a victim of a cyber attack.\n*****QUESTION:***** If there is an explanation: Does the explanation refer to commonsense concepts that are taken as given?", "index": 1332}, {"instruction": "How can we best protect ourselves from cyber threats?", "input": "", "output": "There are several ways to protect yourself from cyber threats:\n\n1. Keep your software and systems updated: Hackers often target vulnerabilities in outdated software, so make sure to regularly update all of your devices and software.\n\n2. Use strong passwords and enable two-factor authentication: Use unique, complex passwords for all of your accounts, and enable two-factor authentication whenever possible to add an extra layer of security.\n\n3. Be cautious when clicking links or downloading attachments: One of the most common ways hackers gain access to your information is through phishing attacks. Always hover over links before clicking them and be cautious when downloading attachments, especially if they are from unknown senders.\n\n4. Use anti-virus software and firewalls: Make sure to install reputable anti-virus software and enable firewalls on all of your devices.\n\n5. Back up important data: Regularly back up important data to protect against data loss in case your device is compromised.\n\n6. Educate yourself: Educating yourself about the latest cyber threats and how to identify them can go a long way in protecting yourself. Stay up to date with the latest security news and alerts.\n\nBy following these tips, you can reduce the risk of becoming a victim of a cyber attack.", "all_data": "*****INSTRUCTION:***** How can we best protect ourselves from cyber threats?\n\n*****OUTPUT:***** There are several ways to protect yourself from cyber threats:\n\n1. Keep your software and systems updated: Hackers often target vulnerabilities in outdated software, so make sure to regularly update all of your devices and software.\n\n2. Use strong passwords and enable two-factor authentication: Use unique, complex passwords for all of your accounts, and enable two-factor authentication whenever possible to add an extra layer of security.\n\n3. Be cautious when clicking links or downloading attachments: One of the most common ways hackers gain access to your information is through phishing attacks. Always hover over links before clicking them and be cautious when downloading attachments, especially if they are from unknown senders.\n\n4. Use anti-virus software and firewalls: Make sure to install reputable anti-virus software and enable firewalls on all of your devices.\n\n5. Back up important data: Regularly back up important data to protect against data loss in case your device is compromised.\n\n6. Educate yourself: Educating yourself about the latest cyber threats and how to identify them can go a long way in protecting yourself. Stay up to date with the latest security news and alerts.\n\nBy following these tips, you can reduce the risk of becoming a victim of a cyber attack.\n*****QUESTION:***** If there is an explanation: Does the explanation list contributing factors?", "index": 1333}, {"instruction": "How can we best protect ourselves from cyber threats?", "input": "", "output": "There are several ways to protect yourself from cyber threats:\n\n1. Keep your software and systems updated: Hackers often target vulnerabilities in outdated software, so make sure to regularly update all of your devices and software.\n\n2. Use strong passwords and enable two-factor authentication: Use unique, complex passwords for all of your accounts, and enable two-factor authentication whenever possible to add an extra layer of security.\n\n3. Be cautious when clicking links or downloading attachments: One of the most common ways hackers gain access to your information is through phishing attacks. Always hover over links before clicking them and be cautious when downloading attachments, especially if they are from unknown senders.\n\n4. Use anti-virus software and firewalls: Make sure to install reputable anti-virus software and enable firewalls on all of your devices.\n\n5. Back up important data: Regularly back up important data to protect against data loss in case your device is compromised.\n\n6. Educate yourself: Educating yourself about the latest cyber threats and how to identify them can go a long way in protecting yourself. Stay up to date with the latest security news and alerts.\n\nBy following these tips, you can reduce the risk of becoming a victim of a cyber attack.", "all_data": "*****INSTRUCTION:***** How can we best protect ourselves from cyber threats?\n\n*****OUTPUT:***** There are several ways to protect yourself from cyber threats:\n\n1. Keep your software and systems updated: Hackers often target vulnerabilities in outdated software, so make sure to regularly update all of your devices and software.\n\n2. Use strong passwords and enable two-factor authentication: Use unique, complex passwords for all of your accounts, and enable two-factor authentication whenever possible to add an extra layer of security.\n\n3. Be cautious when clicking links or downloading attachments: One of the most common ways hackers gain access to your information is through phishing attacks. Always hover over links before clicking them and be cautious when downloading attachments, especially if they are from unknown senders.\n\n4. Use anti-virus software and firewalls: Make sure to install reputable anti-virus software and enable firewalls on all of your devices.\n\n5. Back up important data: Regularly back up important data to protect against data loss in case your device is compromised.\n\n6. Educate yourself: Educating yourself about the latest cyber threats and how to identify them can go a long way in protecting yourself. Stay up to date with the latest security news and alerts.\n\nBy following these tips, you can reduce the risk of becoming a victim of a cyber attack.\n*****QUESTION:***** If there is an explanation: Does the explanation include subjective or biased criteria?", "index": 1334}, {"instruction": "How can we best protect ourselves from cyber threats?", "input": "", "output": "There are several ways to protect yourself from cyber threats:\n\n1. Keep your software and systems updated: Hackers often target vulnerabilities in outdated software, so make sure to regularly update all of your devices and software.\n\n2. Use strong passwords and enable two-factor authentication: Use unique, complex passwords for all of your accounts, and enable two-factor authentication whenever possible to add an extra layer of security.\n\n3. Be cautious when clicking links or downloading attachments: One of the most common ways hackers gain access to your information is through phishing attacks. Always hover over links before clicking them and be cautious when downloading attachments, especially if they are from unknown senders.\n\n4. Use anti-virus software and firewalls: Make sure to install reputable anti-virus software and enable firewalls on all of your devices.\n\n5. Back up important data: Regularly back up important data to protect against data loss in case your device is compromised.\n\n6. Educate yourself: Educating yourself about the latest cyber threats and how to identify them can go a long way in protecting yourself. Stay up to date with the latest security news and alerts.\n\nBy following these tips, you can reduce the risk of becoming a victim of a cyber attack.", "all_data": "*****INSTRUCTION:***** How can we best protect ourselves from cyber threats?\n\n*****OUTPUT:***** There are several ways to protect yourself from cyber threats:\n\n1. Keep your software and systems updated: Hackers often target vulnerabilities in outdated software, so make sure to regularly update all of your devices and software.\n\n2. Use strong passwords and enable two-factor authentication: Use unique, complex passwords for all of your accounts, and enable two-factor authentication whenever possible to add an extra layer of security.\n\n3. Be cautious when clicking links or downloading attachments: One of the most common ways hackers gain access to your information is through phishing attacks. Always hover over links before clicking them and be cautious when downloading attachments, especially if they are from unknown senders.\n\n4. Use anti-virus software and firewalls: Make sure to install reputable anti-virus software and enable firewalls on all of your devices.\n\n5. Back up important data: Regularly back up important data to protect against data loss in case your device is compromised.\n\n6. Educate yourself: Educating yourself about the latest cyber threats and how to identify them can go a long way in protecting yourself. Stay up to date with the latest security news and alerts.\n\nBy following these tips, you can reduce the risk of becoming a victim of a cyber attack.\n*****QUESTION:***** If there is an explanation: Does the explanation include illustrative elements (e.g. examples)?", "index": 1335}, {"instruction": "How can we best protect ourselves from cyber threats?", "input": "", "output": "There are several ways to protect yourself from cyber threats:\n\n1. Keep your software and systems updated: Hackers often target vulnerabilities in outdated software, so make sure to regularly update all of your devices and software.\n\n2. Use strong passwords and enable two-factor authentication: Use unique, complex passwords for all of your accounts, and enable two-factor authentication whenever possible to add an extra layer of security.\n\n3. Be cautious when clicking links or downloading attachments: One of the most common ways hackers gain access to your information is through phishing attacks. Always hover over links before clicking them and be cautious when downloading attachments, especially if they are from unknown senders.\n\n4. Use anti-virus software and firewalls: Make sure to install reputable anti-virus software and enable firewalls on all of your devices.\n\n5. Back up important data: Regularly back up important data to protect against data loss in case your device is compromised.\n\n6. Educate yourself: Educating yourself about the latest cyber threats and how to identify them can go a long way in protecting yourself. Stay up to date with the latest security news and alerts.\n\nBy following these tips, you can reduce the risk of becoming a victim of a cyber attack.", "all_data": "*****INSTRUCTION:***** How can we best protect ourselves from cyber threats?\n\n*****OUTPUT:***** There are several ways to protect yourself from cyber threats:\n\n1. Keep your software and systems updated: Hackers often target vulnerabilities in outdated software, so make sure to regularly update all of your devices and software.\n\n2. Use strong passwords and enable two-factor authentication: Use unique, complex passwords for all of your accounts, and enable two-factor authentication whenever possible to add an extra layer of security.\n\n3. Be cautious when clicking links or downloading attachments: One of the most common ways hackers gain access to your information is through phishing attacks. Always hover over links before clicking them and be cautious when downloading attachments, especially if they are from unknown senders.\n\n4. Use anti-virus software and firewalls: Make sure to install reputable anti-virus software and enable firewalls on all of your devices.\n\n5. Back up important data: Regularly back up important data to protect against data loss in case your device is compromised.\n\n6. Educate yourself: Educating yourself about the latest cyber threats and how to identify them can go a long way in protecting yourself. Stay up to date with the latest security news and alerts.\n\nBy following these tips, you can reduce the risk of becoming a victim of a cyber attack.\n*****QUESTION:***** If there is an explanation: Is the explanation misleading (e.g. arguing for a label that is wrong)?", "index": 1336}, {"instruction": "Create a regular expression to find all words with three consonants and one vowel", "input": "", "output": "The following regular expression pattern can be used to find all words with three consonants and one vowel: `\\b[^aeiou\\s]{3}[aeiou]\\b`\n\nExplanation:\n- `\\b` - Matches the word boundary, which indicates the position between a word and a non-word character. It ensures to match the whole word.\n- `[^aeiou\\s]` - Within the square brackets, the `^` symbol indicates negation. So, this character set matches any character that is not a vowel or a whitespace character . \n- `{3}` - Specifies that the preceding character set should be matched exactly three times. Therefore, it matches three consecutive consonants.\n- `[aeiou]` - This character set matches any single vowel (a, e, i, o or u).\n- `\\b` - Matches the word boundary at the end of the word, to ensure the whole word is matched.\n\nThis regular expression will match words such as \"milk\", \"help\", and \"desk\" but not words like \"hello\", \"world\" or \"me\".", "all_data": "*****INSTRUCTION:***** Create a regular expression to find all words with three consonants and one vowel\n\n*****OUTPUT:***** The following regular expression pattern can be used to find all words with three consonants and one vowel: `\\b[^aeiou\\s]{3}[aeiou]\\b`\n\nExplanation:\n- `\\b` - Matches the word boundary, which indicates the position between a word and a non-word character. It ensures to match the whole word.\n- `[^aeiou\\s]` - Within the square brackets, the `^` symbol indicates negation. So, this character set matches any character that is not a vowel or a whitespace character . \n- `{3}` - Specifies that the preceding character set should be matched exactly three times. Therefore, it matches three consecutive consonants.\n- `[aeiou]` - This character set matches any single vowel (a, e, i, o or u).\n- `\\b` - Matches the word boundary at the end of the word, to ensure the whole word is matched.\n\nThis regular expression will match words such as \"milk\", \"help\", and \"desk\" but not words like \"hello\", \"world\" or \"me\".\n*****QUESTION:***** Does the output contain an explanation for the prediction?", "index": 1337}, {"instruction": "Create a regular expression to find all words with three consonants and one vowel", "input": "", "output": "The following regular expression pattern can be used to find all words with three consonants and one vowel: `\\b[^aeiou\\s]{3}[aeiou]\\b`\n\nExplanation:\n- `\\b` - Matches the word boundary, which indicates the position between a word and a non-word character. It ensures to match the whole word.\n- `[^aeiou\\s]` - Within the square brackets, the `^` symbol indicates negation. So, this character set matches any character that is not a vowel or a whitespace character . \n- `{3}` - Specifies that the preceding character set should be matched exactly three times. Therefore, it matches three consecutive consonants.\n- `[aeiou]` - This character set matches any single vowel (a, e, i, o or u).\n- `\\b` - Matches the word boundary at the end of the word, to ensure the whole word is matched.\n\nThis regular expression will match words such as \"milk\", \"help\", and \"desk\" but not words like \"hello\", \"world\" or \"me\".", "all_data": "*****INSTRUCTION:***** Create a regular expression to find all words with three consonants and one vowel\n\n*****OUTPUT:***** The following regular expression pattern can be used to find all words with three consonants and one vowel: `\\b[^aeiou\\s]{3}[aeiou]\\b`\n\nExplanation:\n- `\\b` - Matches the word boundary, which indicates the position between a word and a non-word character. It ensures to match the whole word.\n- `[^aeiou\\s]` - Within the square brackets, the `^` symbol indicates negation. So, this character set matches any character that is not a vowel or a whitespace character . \n- `{3}` - Specifies that the preceding character set should be matched exactly three times. Therefore, it matches three consecutive consonants.\n- `[aeiou]` - This character set matches any single vowel (a, e, i, o or u).\n- `\\b` - Matches the word boundary at the end of the word, to ensure the whole word is matched.\n\nThis regular expression will match words such as \"milk\", \"help\", and \"desk\" but not words like \"hello\", \"world\" or \"me\".\n*****QUESTION:***** Would you give an explanation/justify your reasoning if you were asked this question by a friend?", "index": 1338}, {"instruction": "Create a regular expression to find all words with three consonants and one vowel", "input": "", "output": "The following regular expression pattern can be used to find all words with three consonants and one vowel: `\\b[^aeiou\\s]{3}[aeiou]\\b`\n\nExplanation:\n- `\\b` - Matches the word boundary, which indicates the position between a word and a non-word character. It ensures to match the whole word.\n- `[^aeiou\\s]` - Within the square brackets, the `^` symbol indicates negation. So, this character set matches any character that is not a vowel or a whitespace character . \n- `{3}` - Specifies that the preceding character set should be matched exactly three times. Therefore, it matches three consecutive consonants.\n- `[aeiou]` - This character set matches any single vowel (a, e, i, o or u).\n- `\\b` - Matches the word boundary at the end of the word, to ensure the whole word is matched.\n\nThis regular expression will match words such as \"milk\", \"help\", and \"desk\" but not words like \"hello\", \"world\" or \"me\".", "all_data": "*****INSTRUCTION:***** Create a regular expression to find all words with three consonants and one vowel\n\n*****OUTPUT:***** The following regular expression pattern can be used to find all words with three consonants and one vowel: `\\b[^aeiou\\s]{3}[aeiou]\\b`\n\nExplanation:\n- `\\b` - Matches the word boundary, which indicates the position between a word and a non-word character. It ensures to match the whole word.\n- `[^aeiou\\s]` - Within the square brackets, the `^` symbol indicates negation. So, this character set matches any character that is not a vowel or a whitespace character . \n- `{3}` - Specifies that the preceding character set should be matched exactly three times. Therefore, it matches three consecutive consonants.\n- `[aeiou]` - This character set matches any single vowel (a, e, i, o or u).\n- `\\b` - Matches the word boundary at the end of the word, to ensure the whole word is matched.\n\nThis regular expression will match words such as \"milk\", \"help\", and \"desk\" but not words like \"hello\", \"world\" or \"me\".\n*****QUESTION:***** If there is an explanation: Does the explanation refer to commonsense concepts that are taken as given?", "index": 1339}, {"instruction": "Create a regular expression to find all words with three consonants and one vowel", "input": "", "output": "The following regular expression pattern can be used to find all words with three consonants and one vowel: `\\b[^aeiou\\s]{3}[aeiou]\\b`\n\nExplanation:\n- `\\b` - Matches the word boundary, which indicates the position between a word and a non-word character. It ensures to match the whole word.\n- `[^aeiou\\s]` - Within the square brackets, the `^` symbol indicates negation. So, this character set matches any character that is not a vowel or a whitespace character . \n- `{3}` - Specifies that the preceding character set should be matched exactly three times. Therefore, it matches three consecutive consonants.\n- `[aeiou]` - This character set matches any single vowel (a, e, i, o or u).\n- `\\b` - Matches the word boundary at the end of the word, to ensure the whole word is matched.\n\nThis regular expression will match words such as \"milk\", \"help\", and \"desk\" but not words like \"hello\", \"world\" or \"me\".", "all_data": "*****INSTRUCTION:***** Create a regular expression to find all words with three consonants and one vowel\n\n*****OUTPUT:***** The following regular expression pattern can be used to find all words with three consonants and one vowel: `\\b[^aeiou\\s]{3}[aeiou]\\b`\n\nExplanation:\n- `\\b` - Matches the word boundary, which indicates the position between a word and a non-word character. It ensures to match the whole word.\n- `[^aeiou\\s]` - Within the square brackets, the `^` symbol indicates negation. So, this character set matches any character that is not a vowel or a whitespace character . \n- `{3}` - Specifies that the preceding character set should be matched exactly three times. Therefore, it matches three consecutive consonants.\n- `[aeiou]` - This character set matches any single vowel (a, e, i, o or u).\n- `\\b` - Matches the word boundary at the end of the word, to ensure the whole word is matched.\n\nThis regular expression will match words such as \"milk\", \"help\", and \"desk\" but not words like \"hello\", \"world\" or \"me\".\n*****QUESTION:***** If there is an explanation: Does the explanation list contributing factors?", "index": 1340}, {"instruction": "Create a regular expression to find all words with three consonants and one vowel", "input": "", "output": "The following regular expression pattern can be used to find all words with three consonants and one vowel: `\\b[^aeiou\\s]{3}[aeiou]\\b`\n\nExplanation:\n- `\\b` - Matches the word boundary, which indicates the position between a word and a non-word character. It ensures to match the whole word.\n- `[^aeiou\\s]` - Within the square brackets, the `^` symbol indicates negation. So, this character set matches any character that is not a vowel or a whitespace character . \n- `{3}` - Specifies that the preceding character set should be matched exactly three times. Therefore, it matches three consecutive consonants.\n- `[aeiou]` - This character set matches any single vowel (a, e, i, o or u).\n- `\\b` - Matches the word boundary at the end of the word, to ensure the whole word is matched.\n\nThis regular expression will match words such as \"milk\", \"help\", and \"desk\" but not words like \"hello\", \"world\" or \"me\".", "all_data": "*****INSTRUCTION:***** Create a regular expression to find all words with three consonants and one vowel\n\n*****OUTPUT:***** The following regular expression pattern can be used to find all words with three consonants and one vowel: `\\b[^aeiou\\s]{3}[aeiou]\\b`\n\nExplanation:\n- `\\b` - Matches the word boundary, which indicates the position between a word and a non-word character. It ensures to match the whole word.\n- `[^aeiou\\s]` - Within the square brackets, the `^` symbol indicates negation. So, this character set matches any character that is not a vowel or a whitespace character . \n- `{3}` - Specifies that the preceding character set should be matched exactly three times. Therefore, it matches three consecutive consonants.\n- `[aeiou]` - This character set matches any single vowel (a, e, i, o or u).\n- `\\b` - Matches the word boundary at the end of the word, to ensure the whole word is matched.\n\nThis regular expression will match words such as \"milk\", \"help\", and \"desk\" but not words like \"hello\", \"world\" or \"me\".\n*****QUESTION:***** If there is an explanation: Does the explanation include subjective or biased criteria?", "index": 1341}, {"instruction": "Create a regular expression to find all words with three consonants and one vowel", "input": "", "output": "The following regular expression pattern can be used to find all words with three consonants and one vowel: `\\b[^aeiou\\s]{3}[aeiou]\\b`\n\nExplanation:\n- `\\b` - Matches the word boundary, which indicates the position between a word and a non-word character. It ensures to match the whole word.\n- `[^aeiou\\s]` - Within the square brackets, the `^` symbol indicates negation. So, this character set matches any character that is not a vowel or a whitespace character . \n- `{3}` - Specifies that the preceding character set should be matched exactly three times. Therefore, it matches three consecutive consonants.\n- `[aeiou]` - This character set matches any single vowel (a, e, i, o or u).\n- `\\b` - Matches the word boundary at the end of the word, to ensure the whole word is matched.\n\nThis regular expression will match words such as \"milk\", \"help\", and \"desk\" but not words like \"hello\", \"world\" or \"me\".", "all_data": "*****INSTRUCTION:***** Create a regular expression to find all words with three consonants and one vowel\n\n*****OUTPUT:***** The following regular expression pattern can be used to find all words with three consonants and one vowel: `\\b[^aeiou\\s]{3}[aeiou]\\b`\n\nExplanation:\n- `\\b` - Matches the word boundary, which indicates the position between a word and a non-word character. It ensures to match the whole word.\n- `[^aeiou\\s]` - Within the square brackets, the `^` symbol indicates negation. So, this character set matches any character that is not a vowel or a whitespace character . \n- `{3}` - Specifies that the preceding character set should be matched exactly three times. Therefore, it matches three consecutive consonants.\n- `[aeiou]` - This character set matches any single vowel (a, e, i, o or u).\n- `\\b` - Matches the word boundary at the end of the word, to ensure the whole word is matched.\n\nThis regular expression will match words such as \"milk\", \"help\", and \"desk\" but not words like \"hello\", \"world\" or \"me\".\n*****QUESTION:***** If there is an explanation: Does the explanation include illustrative elements (e.g. examples)?", "index": 1342}, {"instruction": "Create a regular expression to find all words with three consonants and one vowel", "input": "", "output": "The following regular expression pattern can be used to find all words with three consonants and one vowel: `\\b[^aeiou\\s]{3}[aeiou]\\b`\n\nExplanation:\n- `\\b` - Matches the word boundary, which indicates the position between a word and a non-word character. It ensures to match the whole word.\n- `[^aeiou\\s]` - Within the square brackets, the `^` symbol indicates negation. So, this character set matches any character that is not a vowel or a whitespace character . \n- `{3}` - Specifies that the preceding character set should be matched exactly three times. Therefore, it matches three consecutive consonants.\n- `[aeiou]` - This character set matches any single vowel (a, e, i, o or u).\n- `\\b` - Matches the word boundary at the end of the word, to ensure the whole word is matched.\n\nThis regular expression will match words such as \"milk\", \"help\", and \"desk\" but not words like \"hello\", \"world\" or \"me\".", "all_data": "*****INSTRUCTION:***** Create a regular expression to find all words with three consonants and one vowel\n\n*****OUTPUT:***** The following regular expression pattern can be used to find all words with three consonants and one vowel: `\\b[^aeiou\\s]{3}[aeiou]\\b`\n\nExplanation:\n- `\\b` - Matches the word boundary, which indicates the position between a word and a non-word character. It ensures to match the whole word.\n- `[^aeiou\\s]` - Within the square brackets, the `^` symbol indicates negation. So, this character set matches any character that is not a vowel or a whitespace character . \n- `{3}` - Specifies that the preceding character set should be matched exactly three times. Therefore, it matches three consecutive consonants.\n- `[aeiou]` - This character set matches any single vowel (a, e, i, o or u).\n- `\\b` - Matches the word boundary at the end of the word, to ensure the whole word is matched.\n\nThis regular expression will match words such as \"milk\", \"help\", and \"desk\" but not words like \"hello\", \"world\" or \"me\".\n*****QUESTION:***** If there is an explanation: Is the explanation misleading (e.g. arguing for a label that is wrong)?", "index": 1343}, {"instruction": "Write a function in Python that takes an array and prints the largest number", "input": "array = [1, 3, 10, 4]", "output": "Here's a Python function that takes an array as an input and prints the largest number in the array:\n\n```python\ndef print_largest_number(array):\n    max_num = max(array)\n    print(max_num)\n```\nUsing this function on your input example:\n\n```python\narray = [1, 3, 10, 4]\nprint_largest_number(array)\n```\n\nThis will print the output:\n\n```\n10\n```", "all_data": "*****INSTRUCTION:***** Write a function in Python that takes an array and prints the largest number\narray = [1, 3, 10, 4]\n*****OUTPUT:***** Here's a Python function that takes an array as an input and prints the largest number in the array:\n\n```python\ndef print_largest_number(array):\n    max_num = max(array)\n    print(max_num)\n```\nUsing this function on your input example:\n\n```python\narray = [1, 3, 10, 4]\nprint_largest_number(array)\n```\n\nThis will print the output:\n\n```\n10\n```\n*****QUESTION:***** Does the output contain an explanation for the prediction?", "index": 1344}, {"instruction": "Write a function in Python that takes an array and prints the largest number", "input": "array = [1, 3, 10, 4]", "output": "Here's a Python function that takes an array as an input and prints the largest number in the array:\n\n```python\ndef print_largest_number(array):\n    max_num = max(array)\n    print(max_num)\n```\nUsing this function on your input example:\n\n```python\narray = [1, 3, 10, 4]\nprint_largest_number(array)\n```\n\nThis will print the output:\n\n```\n10\n```", "all_data": "*****INSTRUCTION:***** Write a function in Python that takes an array and prints the largest number\narray = [1, 3, 10, 4]\n*****OUTPUT:***** Here's a Python function that takes an array as an input and prints the largest number in the array:\n\n```python\ndef print_largest_number(array):\n    max_num = max(array)\n    print(max_num)\n```\nUsing this function on your input example:\n\n```python\narray = [1, 3, 10, 4]\nprint_largest_number(array)\n```\n\nThis will print the output:\n\n```\n10\n```\n*****QUESTION:***** Would you give an explanation/justify your reasoning if you were asked this question by a friend?", "index": 1345}, {"instruction": "Write a function in Python that takes an array and prints the largest number", "input": "array = [1, 3, 10, 4]", "output": "Here's a Python function that takes an array as an input and prints the largest number in the array:\n\n```python\ndef print_largest_number(array):\n    max_num = max(array)\n    print(max_num)\n```\nUsing this function on your input example:\n\n```python\narray = [1, 3, 10, 4]\nprint_largest_number(array)\n```\n\nThis will print the output:\n\n```\n10\n```", "all_data": "*****INSTRUCTION:***** Write a function in Python that takes an array and prints the largest number\narray = [1, 3, 10, 4]\n*****OUTPUT:***** Here's a Python function that takes an array as an input and prints the largest number in the array:\n\n```python\ndef print_largest_number(array):\n    max_num = max(array)\n    print(max_num)\n```\nUsing this function on your input example:\n\n```python\narray = [1, 3, 10, 4]\nprint_largest_number(array)\n```\n\nThis will print the output:\n\n```\n10\n```\n*****QUESTION:***** If there is an explanation: Does the explanation refer to commonsense concepts that are taken as given?", "index": 1346}, {"instruction": "Write a function in Python that takes an array and prints the largest number", "input": "array = [1, 3, 10, 4]", "output": "Here's a Python function that takes an array as an input and prints the largest number in the array:\n\n```python\ndef print_largest_number(array):\n    max_num = max(array)\n    print(max_num)\n```\nUsing this function on your input example:\n\n```python\narray = [1, 3, 10, 4]\nprint_largest_number(array)\n```\n\nThis will print the output:\n\n```\n10\n```", "all_data": "*****INSTRUCTION:***** Write a function in Python that takes an array and prints the largest number\narray = [1, 3, 10, 4]\n*****OUTPUT:***** Here's a Python function that takes an array as an input and prints the largest number in the array:\n\n```python\ndef print_largest_number(array):\n    max_num = max(array)\n    print(max_num)\n```\nUsing this function on your input example:\n\n```python\narray = [1, 3, 10, 4]\nprint_largest_number(array)\n```\n\nThis will print the output:\n\n```\n10\n```\n*****QUESTION:***** If there is an explanation: Does the explanation list contributing factors?", "index": 1347}, {"instruction": "Write a function in Python that takes an array and prints the largest number", "input": "array = [1, 3, 10, 4]", "output": "Here's a Python function that takes an array as an input and prints the largest number in the array:\n\n```python\ndef print_largest_number(array):\n    max_num = max(array)\n    print(max_num)\n```\nUsing this function on your input example:\n\n```python\narray = [1, 3, 10, 4]\nprint_largest_number(array)\n```\n\nThis will print the output:\n\n```\n10\n```", "all_data": "*****INSTRUCTION:***** Write a function in Python that takes an array and prints the largest number\narray = [1, 3, 10, 4]\n*****OUTPUT:***** Here's a Python function that takes an array as an input and prints the largest number in the array:\n\n```python\ndef print_largest_number(array):\n    max_num = max(array)\n    print(max_num)\n```\nUsing this function on your input example:\n\n```python\narray = [1, 3, 10, 4]\nprint_largest_number(array)\n```\n\nThis will print the output:\n\n```\n10\n```\n*****QUESTION:***** If there is an explanation: Does the explanation include subjective or biased criteria?", "index": 1348}, {"instruction": "Write a function in Python that takes an array and prints the largest number", "input": "array = [1, 3, 10, 4]", "output": "Here's a Python function that takes an array as an input and prints the largest number in the array:\n\n```python\ndef print_largest_number(array):\n    max_num = max(array)\n    print(max_num)\n```\nUsing this function on your input example:\n\n```python\narray = [1, 3, 10, 4]\nprint_largest_number(array)\n```\n\nThis will print the output:\n\n```\n10\n```", "all_data": "*****INSTRUCTION:***** Write a function in Python that takes an array and prints the largest number\narray = [1, 3, 10, 4]\n*****OUTPUT:***** Here's a Python function that takes an array as an input and prints the largest number in the array:\n\n```python\ndef print_largest_number(array):\n    max_num = max(array)\n    print(max_num)\n```\nUsing this function on your input example:\n\n```python\narray = [1, 3, 10, 4]\nprint_largest_number(array)\n```\n\nThis will print the output:\n\n```\n10\n```\n*****QUESTION:***** If there is an explanation: Does the explanation include illustrative elements (e.g. examples)?", "index": 1349}, {"instruction": "Write a function in Python that takes an array and prints the largest number", "input": "array = [1, 3, 10, 4]", "output": "Here's a Python function that takes an array as an input and prints the largest number in the array:\n\n```python\ndef print_largest_number(array):\n    max_num = max(array)\n    print(max_num)\n```\nUsing this function on your input example:\n\n```python\narray = [1, 3, 10, 4]\nprint_largest_number(array)\n```\n\nThis will print the output:\n\n```\n10\n```", "all_data": "*****INSTRUCTION:***** Write a function in Python that takes an array and prints the largest number\narray = [1, 3, 10, 4]\n*****OUTPUT:***** Here's a Python function that takes an array as an input and prints the largest number in the array:\n\n```python\ndef print_largest_number(array):\n    max_num = max(array)\n    print(max_num)\n```\nUsing this function on your input example:\n\n```python\narray = [1, 3, 10, 4]\nprint_largest_number(array)\n```\n\nThis will print the output:\n\n```\n10\n```\n*****QUESTION:***** If there is an explanation: Is the explanation misleading (e.g. arguing for a label that is wrong)?", "index": 1350}, {"instruction": "Generate a simile for the sound of thunder.", "input": "", "output": "The sound of thunder boomed, like the roar of a thousand lions.", "all_data": "*****INSTRUCTION:***** Generate a simile for the sound of thunder.\n\n*****OUTPUT:***** The sound of thunder boomed, like the roar of a thousand lions.\n*****QUESTION:***** Does the output contain an explanation for the prediction?", "index": 1351}, {"instruction": "Generate a simile for the sound of thunder.", "input": "", "output": "The sound of thunder boomed, like the roar of a thousand lions.", "all_data": "*****INSTRUCTION:***** Generate a simile for the sound of thunder.\n\n*****OUTPUT:***** The sound of thunder boomed, like the roar of a thousand lions.\n*****QUESTION:***** Would you give an explanation/justify your reasoning if you were asked this question by a friend?", "index": 1352}, {"instruction": "Generate a simile for the sound of thunder.", "input": "", "output": "The sound of thunder boomed, like the roar of a thousand lions.", "all_data": "*****INSTRUCTION:***** Generate a simile for the sound of thunder.\n\n*****OUTPUT:***** The sound of thunder boomed, like the roar of a thousand lions.\n*****QUESTION:***** If there is an explanation: Does the explanation refer to commonsense concepts that are taken as given?", "index": 1353}, {"instruction": "Generate a simile for the sound of thunder.", "input": "", "output": "The sound of thunder boomed, like the roar of a thousand lions.", "all_data": "*****INSTRUCTION:***** Generate a simile for the sound of thunder.\n\n*****OUTPUT:***** The sound of thunder boomed, like the roar of a thousand lions.\n*****QUESTION:***** If there is an explanation: Does the explanation list contributing factors?", "index": 1354}, {"instruction": "Generate a simile for the sound of thunder.", "input": "", "output": "The sound of thunder boomed, like the roar of a thousand lions.", "all_data": "*****INSTRUCTION:***** Generate a simile for the sound of thunder.\n\n*****OUTPUT:***** The sound of thunder boomed, like the roar of a thousand lions.\n*****QUESTION:***** If there is an explanation: Does the explanation include subjective or biased criteria?", "index": 1355}, {"instruction": "Generate a simile for the sound of thunder.", "input": "", "output": "The sound of thunder boomed, like the roar of a thousand lions.", "all_data": "*****INSTRUCTION:***** Generate a simile for the sound of thunder.\n\n*****OUTPUT:***** The sound of thunder boomed, like the roar of a thousand lions.\n*****QUESTION:***** If there is an explanation: Does the explanation include illustrative elements (e.g. examples)?", "index": 1356}, {"instruction": "Generate a simile for the sound of thunder.", "input": "", "output": "The sound of thunder boomed, like the roar of a thousand lions.", "all_data": "*****INSTRUCTION:***** Generate a simile for the sound of thunder.\n\n*****OUTPUT:***** The sound of thunder boomed, like the roar of a thousand lions.\n*****QUESTION:***** If there is an explanation: Is the explanation misleading (e.g. arguing for a label that is wrong)?", "index": 1357}, {"instruction": "Provide example input and output for the following task.", "input": "Task: Sum two numbers", "output": "Example Input:\n- First number: 7\n- Second number: 12\n\nExample Output: \nThe sum of 7 and 12 is 19.", "all_data": "*****INSTRUCTION:***** Provide example input and output for the following task.\nTask: Sum two numbers\n*****OUTPUT:***** Example Input:\n- First number: 7\n- Second number: 12\n\nExample Output: \nThe sum of 7 and 12 is 19.\n*****QUESTION:***** Does the output contain an explanation for the prediction?", "index": 1358}, {"instruction": "Provide example input and output for the following task.", "input": "Task: Sum two numbers", "output": "Example Input:\n- First number: 7\n- Second number: 12\n\nExample Output: \nThe sum of 7 and 12 is 19.", "all_data": "*****INSTRUCTION:***** Provide example input and output for the following task.\nTask: Sum two numbers\n*****OUTPUT:***** Example Input:\n- First number: 7\n- Second number: 12\n\nExample Output: \nThe sum of 7 and 12 is 19.\n*****QUESTION:***** Would you give an explanation/justify your reasoning if you were asked this question by a friend?", "index": 1359}, {"instruction": "Provide example input and output for the following task.", "input": "Task: Sum two numbers", "output": "Example Input:\n- First number: 7\n- Second number: 12\n\nExample Output: \nThe sum of 7 and 12 is 19.", "all_data": "*****INSTRUCTION:***** Provide example input and output for the following task.\nTask: Sum two numbers\n*****OUTPUT:***** Example Input:\n- First number: 7\n- Second number: 12\n\nExample Output: \nThe sum of 7 and 12 is 19.\n*****QUESTION:***** If there is an explanation: Does the explanation refer to commonsense concepts that are taken as given?", "index": 1360}, {"instruction": "Provide example input and output for the following task.", "input": "Task: Sum two numbers", "output": "Example Input:\n- First number: 7\n- Second number: 12\n\nExample Output: \nThe sum of 7 and 12 is 19.", "all_data": "*****INSTRUCTION:***** Provide example input and output for the following task.\nTask: Sum two numbers\n*****OUTPUT:***** Example Input:\n- First number: 7\n- Second number: 12\n\nExample Output: \nThe sum of 7 and 12 is 19.\n*****QUESTION:***** If there is an explanation: Does the explanation list contributing factors?", "index": 1361}, {"instruction": "Provide example input and output for the following task.", "input": "Task: Sum two numbers", "output": "Example Input:\n- First number: 7\n- Second number: 12\n\nExample Output: \nThe sum of 7 and 12 is 19.", "all_data": "*****INSTRUCTION:***** Provide example input and output for the following task.\nTask: Sum two numbers\n*****OUTPUT:***** Example Input:\n- First number: 7\n- Second number: 12\n\nExample Output: \nThe sum of 7 and 12 is 19.\n*****QUESTION:***** If there is an explanation: Does the explanation include subjective or biased criteria?", "index": 1362}, {"instruction": "Provide example input and output for the following task.", "input": "Task: Sum two numbers", "output": "Example Input:\n- First number: 7\n- Second number: 12\n\nExample Output: \nThe sum of 7 and 12 is 19.", "all_data": "*****INSTRUCTION:***** Provide example input and output for the following task.\nTask: Sum two numbers\n*****OUTPUT:***** Example Input:\n- First number: 7\n- Second number: 12\n\nExample Output: \nThe sum of 7 and 12 is 19.\n*****QUESTION:***** If there is an explanation: Does the explanation include illustrative elements (e.g. examples)?", "index": 1363}, {"instruction": "Provide example input and output for the following task.", "input": "Task: Sum two numbers", "output": "Example Input:\n- First number: 7\n- Second number: 12\n\nExample Output: \nThe sum of 7 and 12 is 19.", "all_data": "*****INSTRUCTION:***** Provide example input and output for the following task.\nTask: Sum two numbers\n*****OUTPUT:***** Example Input:\n- First number: 7\n- Second number: 12\n\nExample Output: \nThe sum of 7 and 12 is 19.\n*****QUESTION:***** If there is an explanation: Is the explanation misleading (e.g. arguing for a label that is wrong)?", "index": 1364}, {"instruction": "Come up with a unique feature to add to an existing product.", "input": "A bike", "output": "One unique feature that could be added to an existing bike is a self-inflating tire system. With this system, bike tires would automatically maintain optimal pressure, eliminating the need for manual inflation with a pump or gauge. It would work by utilizing innovative technology to continually monitor tire pressure and automatically release air or inflate as needed. This would not only save time and effort but also ensure a safer, smoother, and more efficient riding experience.", "all_data": "*****INSTRUCTION:***** Come up with a unique feature to add to an existing product.\nA bike\n*****OUTPUT:***** One unique feature that could be added to an existing bike is a self-inflating tire system. With this system, bike tires would automatically maintain optimal pressure, eliminating the need for manual inflation with a pump or gauge. It would work by utilizing innovative technology to continually monitor tire pressure and automatically release air or inflate as needed. This would not only save time and effort but also ensure a safer, smoother, and more efficient riding experience.\n*****QUESTION:***** Does the output contain an explanation for the prediction?", "index": 1365}, {"instruction": "Come up with a unique feature to add to an existing product.", "input": "A bike", "output": "One unique feature that could be added to an existing bike is a self-inflating tire system. With this system, bike tires would automatically maintain optimal pressure, eliminating the need for manual inflation with a pump or gauge. It would work by utilizing innovative technology to continually monitor tire pressure and automatically release air or inflate as needed. This would not only save time and effort but also ensure a safer, smoother, and more efficient riding experience.", "all_data": "*****INSTRUCTION:***** Come up with a unique feature to add to an existing product.\nA bike\n*****OUTPUT:***** One unique feature that could be added to an existing bike is a self-inflating tire system. With this system, bike tires would automatically maintain optimal pressure, eliminating the need for manual inflation with a pump or gauge. It would work by utilizing innovative technology to continually monitor tire pressure and automatically release air or inflate as needed. This would not only save time and effort but also ensure a safer, smoother, and more efficient riding experience.\n*****QUESTION:***** Would you give an explanation/justify your reasoning if you were asked this question by a friend?", "index": 1366}, {"instruction": "Come up with a unique feature to add to an existing product.", "input": "A bike", "output": "One unique feature that could be added to an existing bike is a self-inflating tire system. With this system, bike tires would automatically maintain optimal pressure, eliminating the need for manual inflation with a pump or gauge. It would work by utilizing innovative technology to continually monitor tire pressure and automatically release air or inflate as needed. This would not only save time and effort but also ensure a safer, smoother, and more efficient riding experience.", "all_data": "*****INSTRUCTION:***** Come up with a unique feature to add to an existing product.\nA bike\n*****OUTPUT:***** One unique feature that could be added to an existing bike is a self-inflating tire system. With this system, bike tires would automatically maintain optimal pressure, eliminating the need for manual inflation with a pump or gauge. It would work by utilizing innovative technology to continually monitor tire pressure and automatically release air or inflate as needed. This would not only save time and effort but also ensure a safer, smoother, and more efficient riding experience.\n*****QUESTION:***** If there is an explanation: Does the explanation refer to commonsense concepts that are taken as given?", "index": 1367}, {"instruction": "Come up with a unique feature to add to an existing product.", "input": "A bike", "output": "One unique feature that could be added to an existing bike is a self-inflating tire system. With this system, bike tires would automatically maintain optimal pressure, eliminating the need for manual inflation with a pump or gauge. It would work by utilizing innovative technology to continually monitor tire pressure and automatically release air or inflate as needed. This would not only save time and effort but also ensure a safer, smoother, and more efficient riding experience.", "all_data": "*****INSTRUCTION:***** Come up with a unique feature to add to an existing product.\nA bike\n*****OUTPUT:***** One unique feature that could be added to an existing bike is a self-inflating tire system. With this system, bike tires would automatically maintain optimal pressure, eliminating the need for manual inflation with a pump or gauge. It would work by utilizing innovative technology to continually monitor tire pressure and automatically release air or inflate as needed. This would not only save time and effort but also ensure a safer, smoother, and more efficient riding experience.\n*****QUESTION:***** If there is an explanation: Does the explanation list contributing factors?", "index": 1368}, {"instruction": "Come up with a unique feature to add to an existing product.", "input": "A bike", "output": "One unique feature that could be added to an existing bike is a self-inflating tire system. With this system, bike tires would automatically maintain optimal pressure, eliminating the need for manual inflation with a pump or gauge. It would work by utilizing innovative technology to continually monitor tire pressure and automatically release air or inflate as needed. This would not only save time and effort but also ensure a safer, smoother, and more efficient riding experience.", "all_data": "*****INSTRUCTION:***** Come up with a unique feature to add to an existing product.\nA bike\n*****OUTPUT:***** One unique feature that could be added to an existing bike is a self-inflating tire system. With this system, bike tires would automatically maintain optimal pressure, eliminating the need for manual inflation with a pump or gauge. It would work by utilizing innovative technology to continually monitor tire pressure and automatically release air or inflate as needed. This would not only save time and effort but also ensure a safer, smoother, and more efficient riding experience.\n*****QUESTION:***** If there is an explanation: Does the explanation include subjective or biased criteria?", "index": 1369}, {"instruction": "Come up with a unique feature to add to an existing product.", "input": "A bike", "output": "One unique feature that could be added to an existing bike is a self-inflating tire system. With this system, bike tires would automatically maintain optimal pressure, eliminating the need for manual inflation with a pump or gauge. It would work by utilizing innovative technology to continually monitor tire pressure and automatically release air or inflate as needed. This would not only save time and effort but also ensure a safer, smoother, and more efficient riding experience.", "all_data": "*****INSTRUCTION:***** Come up with a unique feature to add to an existing product.\nA bike\n*****OUTPUT:***** One unique feature that could be added to an existing bike is a self-inflating tire system. With this system, bike tires would automatically maintain optimal pressure, eliminating the need for manual inflation with a pump or gauge. It would work by utilizing innovative technology to continually monitor tire pressure and automatically release air or inflate as needed. This would not only save time and effort but also ensure a safer, smoother, and more efficient riding experience.\n*****QUESTION:***** If there is an explanation: Does the explanation include illustrative elements (e.g. examples)?", "index": 1370}, {"instruction": "Come up with a unique feature to add to an existing product.", "input": "A bike", "output": "One unique feature that could be added to an existing bike is a self-inflating tire system. With this system, bike tires would automatically maintain optimal pressure, eliminating the need for manual inflation with a pump or gauge. It would work by utilizing innovative technology to continually monitor tire pressure and automatically release air or inflate as needed. This would not only save time and effort but also ensure a safer, smoother, and more efficient riding experience.", "all_data": "*****INSTRUCTION:***** Come up with a unique feature to add to an existing product.\nA bike\n*****OUTPUT:***** One unique feature that could be added to an existing bike is a self-inflating tire system. With this system, bike tires would automatically maintain optimal pressure, eliminating the need for manual inflation with a pump or gauge. It would work by utilizing innovative technology to continually monitor tire pressure and automatically release air or inflate as needed. This would not only save time and effort but also ensure a safer, smoother, and more efficient riding experience.\n*****QUESTION:***** If there is an explanation: Is the explanation misleading (e.g. arguing for a label that is wrong)?", "index": 1371}, {"instruction": "Rate the given article in the range of 1 to 5 in terms of content, grammar and readability.", "input": "The article \"The Importance of Planning in Business\"", "output": "I'm sorry, but I cannot provide a rating without access to the full text of the article. Can you please provide the text of the article for me to properly evaluate its content, grammar, and readability?", "all_data": "*****INSTRUCTION:***** Rate the given article in the range of 1 to 5 in terms of content, grammar and readability.\nThe article \"The Importance of Planning in Business\"\n*****OUTPUT:***** I'm sorry, but I cannot provide a rating without access to the full text of the article. Can you please provide the text of the article for me to properly evaluate its content, grammar, and readability?\n*****QUESTION:***** Does the output contain an explanation for the prediction?", "index": 1372}, {"instruction": "Rate the given article in the range of 1 to 5 in terms of content, grammar and readability.", "input": "The article \"The Importance of Planning in Business\"", "output": "I'm sorry, but I cannot provide a rating without access to the full text of the article. Can you please provide the text of the article for me to properly evaluate its content, grammar, and readability?", "all_data": "*****INSTRUCTION:***** Rate the given article in the range of 1 to 5 in terms of content, grammar and readability.\nThe article \"The Importance of Planning in Business\"\n*****OUTPUT:***** I'm sorry, but I cannot provide a rating without access to the full text of the article. Can you please provide the text of the article for me to properly evaluate its content, grammar, and readability?\n*****QUESTION:***** Would you give an explanation/justify your reasoning if you were asked this question by a friend?", "index": 1373}, {"instruction": "Rate the given article in the range of 1 to 5 in terms of content, grammar and readability.", "input": "The article \"The Importance of Planning in Business\"", "output": "I'm sorry, but I cannot provide a rating without access to the full text of the article. Can you please provide the text of the article for me to properly evaluate its content, grammar, and readability?", "all_data": "*****INSTRUCTION:***** Rate the given article in the range of 1 to 5 in terms of content, grammar and readability.\nThe article \"The Importance of Planning in Business\"\n*****OUTPUT:***** I'm sorry, but I cannot provide a rating without access to the full text of the article. Can you please provide the text of the article for me to properly evaluate its content, grammar, and readability?\n*****QUESTION:***** If there is an explanation: Does the explanation refer to commonsense concepts that are taken as given?", "index": 1374}, {"instruction": "Rate the given article in the range of 1 to 5 in terms of content, grammar and readability.", "input": "The article \"The Importance of Planning in Business\"", "output": "I'm sorry, but I cannot provide a rating without access to the full text of the article. Can you please provide the text of the article for me to properly evaluate its content, grammar, and readability?", "all_data": "*****INSTRUCTION:***** Rate the given article in the range of 1 to 5 in terms of content, grammar and readability.\nThe article \"The Importance of Planning in Business\"\n*****OUTPUT:***** I'm sorry, but I cannot provide a rating without access to the full text of the article. Can you please provide the text of the article for me to properly evaluate its content, grammar, and readability?\n*****QUESTION:***** If there is an explanation: Does the explanation list contributing factors?", "index": 1375}, {"instruction": "Rate the given article in the range of 1 to 5 in terms of content, grammar and readability.", "input": "The article \"The Importance of Planning in Business\"", "output": "I'm sorry, but I cannot provide a rating without access to the full text of the article. Can you please provide the text of the article for me to properly evaluate its content, grammar, and readability?", "all_data": "*****INSTRUCTION:***** Rate the given article in the range of 1 to 5 in terms of content, grammar and readability.\nThe article \"The Importance of Planning in Business\"\n*****OUTPUT:***** I'm sorry, but I cannot provide a rating without access to the full text of the article. Can you please provide the text of the article for me to properly evaluate its content, grammar, and readability?\n*****QUESTION:***** If there is an explanation: Does the explanation include subjective or biased criteria?", "index": 1376}, {"instruction": "Rate the given article in the range of 1 to 5 in terms of content, grammar and readability.", "input": "The article \"The Importance of Planning in Business\"", "output": "I'm sorry, but I cannot provide a rating without access to the full text of the article. Can you please provide the text of the article for me to properly evaluate its content, grammar, and readability?", "all_data": "*****INSTRUCTION:***** Rate the given article in the range of 1 to 5 in terms of content, grammar and readability.\nThe article \"The Importance of Planning in Business\"\n*****OUTPUT:***** I'm sorry, but I cannot provide a rating without access to the full text of the article. Can you please provide the text of the article for me to properly evaluate its content, grammar, and readability?\n*****QUESTION:***** If there is an explanation: Does the explanation include illustrative elements (e.g. examples)?", "index": 1377}, {"instruction": "Rate the given article in the range of 1 to 5 in terms of content, grammar and readability.", "input": "The article \"The Importance of Planning in Business\"", "output": "I'm sorry, but I cannot provide a rating without access to the full text of the article. Can you please provide the text of the article for me to properly evaluate its content, grammar, and readability?", "all_data": "*****INSTRUCTION:***** Rate the given article in the range of 1 to 5 in terms of content, grammar and readability.\nThe article \"The Importance of Planning in Business\"\n*****OUTPUT:***** I'm sorry, but I cannot provide a rating without access to the full text of the article. Can you please provide the text of the article for me to properly evaluate its content, grammar, and readability?\n*****QUESTION:***** If there is an explanation: Is the explanation misleading (e.g. arguing for a label that is wrong)?", "index": 1378}, {"instruction": "What type of comment should someone make when visiting a blog?", "input": "", "output": "When visiting a blog, it is good practice to leave a thoughtful and respectful comment. Your comment could include your opinions or thoughts on the topic being discussed or an appreciation for the author's perspective or writing style. It is also good to ask questions, provide feedback or suggest ideas for further exploration. It is important to remember to be courteous and considerate in your comments, as the blog posts are the product of someone\u2019s work and effort.", "all_data": "*****INSTRUCTION:***** What type of comment should someone make when visiting a blog?\n\n*****OUTPUT:***** When visiting a blog, it is good practice to leave a thoughtful and respectful comment. Your comment could include your opinions or thoughts on the topic being discussed or an appreciation for the author's perspective or writing style. It is also good to ask questions, provide feedback or suggest ideas for further exploration. It is important to remember to be courteous and considerate in your comments, as the blog posts are the product of someone\u2019s work and effort.\n*****QUESTION:***** Does the output contain an explanation for the prediction?", "index": 1379}, {"instruction": "What type of comment should someone make when visiting a blog?", "input": "", "output": "When visiting a blog, it is good practice to leave a thoughtful and respectful comment. Your comment could include your opinions or thoughts on the topic being discussed or an appreciation for the author's perspective or writing style. It is also good to ask questions, provide feedback or suggest ideas for further exploration. It is important to remember to be courteous and considerate in your comments, as the blog posts are the product of someone\u2019s work and effort.", "all_data": "*****INSTRUCTION:***** What type of comment should someone make when visiting a blog?\n\n*****OUTPUT:***** When visiting a blog, it is good practice to leave a thoughtful and respectful comment. Your comment could include your opinions or thoughts on the topic being discussed or an appreciation for the author's perspective or writing style. It is also good to ask questions, provide feedback or suggest ideas for further exploration. It is important to remember to be courteous and considerate in your comments, as the blog posts are the product of someone\u2019s work and effort.\n*****QUESTION:***** Would you give an explanation/justify your reasoning if you were asked this question by a friend?", "index": 1380}, {"instruction": "What type of comment should someone make when visiting a blog?", "input": "", "output": "When visiting a blog, it is good practice to leave a thoughtful and respectful comment. Your comment could include your opinions or thoughts on the topic being discussed or an appreciation for the author's perspective or writing style. It is also good to ask questions, provide feedback or suggest ideas for further exploration. It is important to remember to be courteous and considerate in your comments, as the blog posts are the product of someone\u2019s work and effort.", "all_data": "*****INSTRUCTION:***** What type of comment should someone make when visiting a blog?\n\n*****OUTPUT:***** When visiting a blog, it is good practice to leave a thoughtful and respectful comment. Your comment could include your opinions or thoughts on the topic being discussed or an appreciation for the author's perspective or writing style. It is also good to ask questions, provide feedback or suggest ideas for further exploration. It is important to remember to be courteous and considerate in your comments, as the blog posts are the product of someone\u2019s work and effort.\n*****QUESTION:***** If there is an explanation: Does the explanation refer to commonsense concepts that are taken as given?", "index": 1381}, {"instruction": "What type of comment should someone make when visiting a blog?", "input": "", "output": "When visiting a blog, it is good practice to leave a thoughtful and respectful comment. Your comment could include your opinions or thoughts on the topic being discussed or an appreciation for the author's perspective or writing style. It is also good to ask questions, provide feedback or suggest ideas for further exploration. It is important to remember to be courteous and considerate in your comments, as the blog posts are the product of someone\u2019s work and effort.", "all_data": "*****INSTRUCTION:***** What type of comment should someone make when visiting a blog?\n\n*****OUTPUT:***** When visiting a blog, it is good practice to leave a thoughtful and respectful comment. Your comment could include your opinions or thoughts on the topic being discussed or an appreciation for the author's perspective or writing style. It is also good to ask questions, provide feedback or suggest ideas for further exploration. It is important to remember to be courteous and considerate in your comments, as the blog posts are the product of someone\u2019s work and effort.\n*****QUESTION:***** If there is an explanation: Does the explanation list contributing factors?", "index": 1382}, {"instruction": "What type of comment should someone make when visiting a blog?", "input": "", "output": "When visiting a blog, it is good practice to leave a thoughtful and respectful comment. Your comment could include your opinions or thoughts on the topic being discussed or an appreciation for the author's perspective or writing style. It is also good to ask questions, provide feedback or suggest ideas for further exploration. It is important to remember to be courteous and considerate in your comments, as the blog posts are the product of someone\u2019s work and effort.", "all_data": "*****INSTRUCTION:***** What type of comment should someone make when visiting a blog?\n\n*****OUTPUT:***** When visiting a blog, it is good practice to leave a thoughtful and respectful comment. Your comment could include your opinions or thoughts on the topic being discussed or an appreciation for the author's perspective or writing style. It is also good to ask questions, provide feedback or suggest ideas for further exploration. It is important to remember to be courteous and considerate in your comments, as the blog posts are the product of someone\u2019s work and effort.\n*****QUESTION:***** If there is an explanation: Does the explanation include subjective or biased criteria?", "index": 1383}, {"instruction": "What type of comment should someone make when visiting a blog?", "input": "", "output": "When visiting a blog, it is good practice to leave a thoughtful and respectful comment. Your comment could include your opinions or thoughts on the topic being discussed or an appreciation for the author's perspective or writing style. It is also good to ask questions, provide feedback or suggest ideas for further exploration. It is important to remember to be courteous and considerate in your comments, as the blog posts are the product of someone\u2019s work and effort.", "all_data": "*****INSTRUCTION:***** What type of comment should someone make when visiting a blog?\n\n*****OUTPUT:***** When visiting a blog, it is good practice to leave a thoughtful and respectful comment. Your comment could include your opinions or thoughts on the topic being discussed or an appreciation for the author's perspective or writing style. It is also good to ask questions, provide feedback or suggest ideas for further exploration. It is important to remember to be courteous and considerate in your comments, as the blog posts are the product of someone\u2019s work and effort.\n*****QUESTION:***** If there is an explanation: Does the explanation include illustrative elements (e.g. examples)?", "index": 1384}, {"instruction": "What type of comment should someone make when visiting a blog?", "input": "", "output": "When visiting a blog, it is good practice to leave a thoughtful and respectful comment. Your comment could include your opinions or thoughts on the topic being discussed or an appreciation for the author's perspective or writing style. It is also good to ask questions, provide feedback or suggest ideas for further exploration. It is important to remember to be courteous and considerate in your comments, as the blog posts are the product of someone\u2019s work and effort.", "all_data": "*****INSTRUCTION:***** What type of comment should someone make when visiting a blog?\n\n*****OUTPUT:***** When visiting a blog, it is good practice to leave a thoughtful and respectful comment. Your comment could include your opinions or thoughts on the topic being discussed or an appreciation for the author's perspective or writing style. It is also good to ask questions, provide feedback or suggest ideas for further exploration. It is important to remember to be courteous and considerate in your comments, as the blog posts are the product of someone\u2019s work and effort.\n*****QUESTION:***** If there is an explanation: Is the explanation misleading (e.g. arguing for a label that is wrong)?", "index": 1385}, {"instruction": "Explain what could be the economical effects of the given event?", "input": "A hurricane in Florida", "output": "A hurricane in Florida can have significant economic effects on the region, as well as the rest of the country. Some potential consequences include: \n\n1. Property damage: The most immediate and visible effect of a hurricane is the physical destruction caused by high winds, heavy rainfall, and flooding. Homes, businesses, and infrastructure such as roads and power lines can be severely damaged, leading to costly repairs and reconstruction efforts.\n\n2. Business disruption: A hurricane can lead to the temporary shutdown or slowdown of business activity in the affected region. This results in lost revenue, reduced productivity, and increased expenses for companies that have to make repairs, rebuild or relocate. The interruption in operations can also have a ripple effect on industries that rely on supplies or services from affected businesses.\n\n3. Agriculture: Florida has a large agricultural sector, and a hurricane can devastate crops, livestock, and other farm assets.  This can lead to reduced crop yields, increased food prices, and lost income for farmers.\n\n4. Tourism: Florida is a popular tourist destination, and a hurricane can significantly impact the tourism industry. The damage caused to hotels and attractions, coupled with travel disruption, can deter visitors from coming to the state, resulting in a drop in tourism revenue.\n\n5. Recovery efforts: In the aftermath of a hurricane, significant resources are needed for recovery efforts, including emergency aid, rebuilding, and infrastructure repair. This can be expensive, and the government, businesses, and households may need to take on debt or redirect funds from other areas to finance the recovery.\n\nOverall, the economic effects of a hurricane in Florida can be far-reaching and long-lasting, affecting various industries and the broader economy. Efforts to prepare for and mitigate the potential impacts can help to reduce the severity of these effects.", "all_data": "*****INSTRUCTION:***** Explain what could be the economical effects of the given event?\nA hurricane in Florida\n*****OUTPUT:***** A hurricane in Florida can have significant economic effects on the region, as well as the rest of the country. Some potential consequences include: \n\n1. Property damage: The most immediate and visible effect of a hurricane is the physical destruction caused by high winds, heavy rainfall, and flooding. Homes, businesses, and infrastructure such as roads and power lines can be severely damaged, leading to costly repairs and reconstruction efforts.\n\n2. Business disruption: A hurricane can lead to the temporary shutdown or slowdown of business activity in the affected region. This results in lost revenue, reduced productivity, and increased expenses for companies that have to make repairs, rebuild or relocate. The interruption in operations can also have a ripple effect on industries that rely on supplies or services from affected businesses.\n\n3. Agriculture: Florida has a large agricultural sector, and a hurricane can devastate crops, livestock, and other farm assets.  This can lead to reduced crop yields, increased food prices, and lost income for farmers.\n\n4. Tourism: Florida is a popular tourist destination, and a hurricane can significantly impact the tourism industry. The damage caused to hotels and attractions, coupled with travel disruption, can deter visitors from coming to the state, resulting in a drop in tourism revenue.\n\n5. Recovery efforts: In the aftermath of a hurricane, significant resources are needed for recovery efforts, including emergency aid, rebuilding, and infrastructure repair. This can be expensive, and the government, businesses, and households may need to take on debt or redirect funds from other areas to finance the recovery.\n\nOverall, the economic effects of a hurricane in Florida can be far-reaching and long-lasting, affecting various industries and the broader economy. Efforts to prepare for and mitigate the potential impacts can help to reduce the severity of these effects.\n*****QUESTION:***** Does the output contain an explanation for the prediction?", "index": 1386}, {"instruction": "Explain what could be the economical effects of the given event?", "input": "A hurricane in Florida", "output": "A hurricane in Florida can have significant economic effects on the region, as well as the rest of the country. Some potential consequences include: \n\n1. Property damage: The most immediate and visible effect of a hurricane is the physical destruction caused by high winds, heavy rainfall, and flooding. Homes, businesses, and infrastructure such as roads and power lines can be severely damaged, leading to costly repairs and reconstruction efforts.\n\n2. Business disruption: A hurricane can lead to the temporary shutdown or slowdown of business activity in the affected region. This results in lost revenue, reduced productivity, and increased expenses for companies that have to make repairs, rebuild or relocate. The interruption in operations can also have a ripple effect on industries that rely on supplies or services from affected businesses.\n\n3. Agriculture: Florida has a large agricultural sector, and a hurricane can devastate crops, livestock, and other farm assets.  This can lead to reduced crop yields, increased food prices, and lost income for farmers.\n\n4. Tourism: Florida is a popular tourist destination, and a hurricane can significantly impact the tourism industry. The damage caused to hotels and attractions, coupled with travel disruption, can deter visitors from coming to the state, resulting in a drop in tourism revenue.\n\n5. Recovery efforts: In the aftermath of a hurricane, significant resources are needed for recovery efforts, including emergency aid, rebuilding, and infrastructure repair. This can be expensive, and the government, businesses, and households may need to take on debt or redirect funds from other areas to finance the recovery.\n\nOverall, the economic effects of a hurricane in Florida can be far-reaching and long-lasting, affecting various industries and the broader economy. Efforts to prepare for and mitigate the potential impacts can help to reduce the severity of these effects.", "all_data": "*****INSTRUCTION:***** Explain what could be the economical effects of the given event?\nA hurricane in Florida\n*****OUTPUT:***** A hurricane in Florida can have significant economic effects on the region, as well as the rest of the country. Some potential consequences include: \n\n1. Property damage: The most immediate and visible effect of a hurricane is the physical destruction caused by high winds, heavy rainfall, and flooding. Homes, businesses, and infrastructure such as roads and power lines can be severely damaged, leading to costly repairs and reconstruction efforts.\n\n2. Business disruption: A hurricane can lead to the temporary shutdown or slowdown of business activity in the affected region. This results in lost revenue, reduced productivity, and increased expenses for companies that have to make repairs, rebuild or relocate. The interruption in operations can also have a ripple effect on industries that rely on supplies or services from affected businesses.\n\n3. Agriculture: Florida has a large agricultural sector, and a hurricane can devastate crops, livestock, and other farm assets.  This can lead to reduced crop yields, increased food prices, and lost income for farmers.\n\n4. Tourism: Florida is a popular tourist destination, and a hurricane can significantly impact the tourism industry. The damage caused to hotels and attractions, coupled with travel disruption, can deter visitors from coming to the state, resulting in a drop in tourism revenue.\n\n5. Recovery efforts: In the aftermath of a hurricane, significant resources are needed for recovery efforts, including emergency aid, rebuilding, and infrastructure repair. This can be expensive, and the government, businesses, and households may need to take on debt or redirect funds from other areas to finance the recovery.\n\nOverall, the economic effects of a hurricane in Florida can be far-reaching and long-lasting, affecting various industries and the broader economy. Efforts to prepare for and mitigate the potential impacts can help to reduce the severity of these effects.\n*****QUESTION:***** Would you give an explanation/justify your reasoning if you were asked this question by a friend?", "index": 1387}, {"instruction": "Explain what could be the economical effects of the given event?", "input": "A hurricane in Florida", "output": "A hurricane in Florida can have significant economic effects on the region, as well as the rest of the country. Some potential consequences include: \n\n1. Property damage: The most immediate and visible effect of a hurricane is the physical destruction caused by high winds, heavy rainfall, and flooding. Homes, businesses, and infrastructure such as roads and power lines can be severely damaged, leading to costly repairs and reconstruction efforts.\n\n2. Business disruption: A hurricane can lead to the temporary shutdown or slowdown of business activity in the affected region. This results in lost revenue, reduced productivity, and increased expenses for companies that have to make repairs, rebuild or relocate. The interruption in operations can also have a ripple effect on industries that rely on supplies or services from affected businesses.\n\n3. Agriculture: Florida has a large agricultural sector, and a hurricane can devastate crops, livestock, and other farm assets.  This can lead to reduced crop yields, increased food prices, and lost income for farmers.\n\n4. Tourism: Florida is a popular tourist destination, and a hurricane can significantly impact the tourism industry. The damage caused to hotels and attractions, coupled with travel disruption, can deter visitors from coming to the state, resulting in a drop in tourism revenue.\n\n5. Recovery efforts: In the aftermath of a hurricane, significant resources are needed for recovery efforts, including emergency aid, rebuilding, and infrastructure repair. This can be expensive, and the government, businesses, and households may need to take on debt or redirect funds from other areas to finance the recovery.\n\nOverall, the economic effects of a hurricane in Florida can be far-reaching and long-lasting, affecting various industries and the broader economy. Efforts to prepare for and mitigate the potential impacts can help to reduce the severity of these effects.", "all_data": "*****INSTRUCTION:***** Explain what could be the economical effects of the given event?\nA hurricane in Florida\n*****OUTPUT:***** A hurricane in Florida can have significant economic effects on the region, as well as the rest of the country. Some potential consequences include: \n\n1. Property damage: The most immediate and visible effect of a hurricane is the physical destruction caused by high winds, heavy rainfall, and flooding. Homes, businesses, and infrastructure such as roads and power lines can be severely damaged, leading to costly repairs and reconstruction efforts.\n\n2. Business disruption: A hurricane can lead to the temporary shutdown or slowdown of business activity in the affected region. This results in lost revenue, reduced productivity, and increased expenses for companies that have to make repairs, rebuild or relocate. The interruption in operations can also have a ripple effect on industries that rely on supplies or services from affected businesses.\n\n3. Agriculture: Florida has a large agricultural sector, and a hurricane can devastate crops, livestock, and other farm assets.  This can lead to reduced crop yields, increased food prices, and lost income for farmers.\n\n4. Tourism: Florida is a popular tourist destination, and a hurricane can significantly impact the tourism industry. The damage caused to hotels and attractions, coupled with travel disruption, can deter visitors from coming to the state, resulting in a drop in tourism revenue.\n\n5. Recovery efforts: In the aftermath of a hurricane, significant resources are needed for recovery efforts, including emergency aid, rebuilding, and infrastructure repair. This can be expensive, and the government, businesses, and households may need to take on debt or redirect funds from other areas to finance the recovery.\n\nOverall, the economic effects of a hurricane in Florida can be far-reaching and long-lasting, affecting various industries and the broader economy. Efforts to prepare for and mitigate the potential impacts can help to reduce the severity of these effects.\n*****QUESTION:***** If there is an explanation: Does the explanation refer to commonsense concepts that are taken as given?", "index": 1388}, {"instruction": "Explain what could be the economical effects of the given event?", "input": "A hurricane in Florida", "output": "A hurricane in Florida can have significant economic effects on the region, as well as the rest of the country. Some potential consequences include: \n\n1. Property damage: The most immediate and visible effect of a hurricane is the physical destruction caused by high winds, heavy rainfall, and flooding. Homes, businesses, and infrastructure such as roads and power lines can be severely damaged, leading to costly repairs and reconstruction efforts.\n\n2. Business disruption: A hurricane can lead to the temporary shutdown or slowdown of business activity in the affected region. This results in lost revenue, reduced productivity, and increased expenses for companies that have to make repairs, rebuild or relocate. The interruption in operations can also have a ripple effect on industries that rely on supplies or services from affected businesses.\n\n3. Agriculture: Florida has a large agricultural sector, and a hurricane can devastate crops, livestock, and other farm assets.  This can lead to reduced crop yields, increased food prices, and lost income for farmers.\n\n4. Tourism: Florida is a popular tourist destination, and a hurricane can significantly impact the tourism industry. The damage caused to hotels and attractions, coupled with travel disruption, can deter visitors from coming to the state, resulting in a drop in tourism revenue.\n\n5. Recovery efforts: In the aftermath of a hurricane, significant resources are needed for recovery efforts, including emergency aid, rebuilding, and infrastructure repair. This can be expensive, and the government, businesses, and households may need to take on debt or redirect funds from other areas to finance the recovery.\n\nOverall, the economic effects of a hurricane in Florida can be far-reaching and long-lasting, affecting various industries and the broader economy. Efforts to prepare for and mitigate the potential impacts can help to reduce the severity of these effects.", "all_data": "*****INSTRUCTION:***** Explain what could be the economical effects of the given event?\nA hurricane in Florida\n*****OUTPUT:***** A hurricane in Florida can have significant economic effects on the region, as well as the rest of the country. Some potential consequences include: \n\n1. Property damage: The most immediate and visible effect of a hurricane is the physical destruction caused by high winds, heavy rainfall, and flooding. Homes, businesses, and infrastructure such as roads and power lines can be severely damaged, leading to costly repairs and reconstruction efforts.\n\n2. Business disruption: A hurricane can lead to the temporary shutdown or slowdown of business activity in the affected region. This results in lost revenue, reduced productivity, and increased expenses for companies that have to make repairs, rebuild or relocate. The interruption in operations can also have a ripple effect on industries that rely on supplies or services from affected businesses.\n\n3. Agriculture: Florida has a large agricultural sector, and a hurricane can devastate crops, livestock, and other farm assets.  This can lead to reduced crop yields, increased food prices, and lost income for farmers.\n\n4. Tourism: Florida is a popular tourist destination, and a hurricane can significantly impact the tourism industry. The damage caused to hotels and attractions, coupled with travel disruption, can deter visitors from coming to the state, resulting in a drop in tourism revenue.\n\n5. Recovery efforts: In the aftermath of a hurricane, significant resources are needed for recovery efforts, including emergency aid, rebuilding, and infrastructure repair. This can be expensive, and the government, businesses, and households may need to take on debt or redirect funds from other areas to finance the recovery.\n\nOverall, the economic effects of a hurricane in Florida can be far-reaching and long-lasting, affecting various industries and the broader economy. Efforts to prepare for and mitigate the potential impacts can help to reduce the severity of these effects.\n*****QUESTION:***** If there is an explanation: Does the explanation list contributing factors?", "index": 1389}, {"instruction": "Explain what could be the economical effects of the given event?", "input": "A hurricane in Florida", "output": "A hurricane in Florida can have significant economic effects on the region, as well as the rest of the country. Some potential consequences include: \n\n1. Property damage: The most immediate and visible effect of a hurricane is the physical destruction caused by high winds, heavy rainfall, and flooding. Homes, businesses, and infrastructure such as roads and power lines can be severely damaged, leading to costly repairs and reconstruction efforts.\n\n2. Business disruption: A hurricane can lead to the temporary shutdown or slowdown of business activity in the affected region. This results in lost revenue, reduced productivity, and increased expenses for companies that have to make repairs, rebuild or relocate. The interruption in operations can also have a ripple effect on industries that rely on supplies or services from affected businesses.\n\n3. Agriculture: Florida has a large agricultural sector, and a hurricane can devastate crops, livestock, and other farm assets.  This can lead to reduced crop yields, increased food prices, and lost income for farmers.\n\n4. Tourism: Florida is a popular tourist destination, and a hurricane can significantly impact the tourism industry. The damage caused to hotels and attractions, coupled with travel disruption, can deter visitors from coming to the state, resulting in a drop in tourism revenue.\n\n5. Recovery efforts: In the aftermath of a hurricane, significant resources are needed for recovery efforts, including emergency aid, rebuilding, and infrastructure repair. This can be expensive, and the government, businesses, and households may need to take on debt or redirect funds from other areas to finance the recovery.\n\nOverall, the economic effects of a hurricane in Florida can be far-reaching and long-lasting, affecting various industries and the broader economy. Efforts to prepare for and mitigate the potential impacts can help to reduce the severity of these effects.", "all_data": "*****INSTRUCTION:***** Explain what could be the economical effects of the given event?\nA hurricane in Florida\n*****OUTPUT:***** A hurricane in Florida can have significant economic effects on the region, as well as the rest of the country. Some potential consequences include: \n\n1. Property damage: The most immediate and visible effect of a hurricane is the physical destruction caused by high winds, heavy rainfall, and flooding. Homes, businesses, and infrastructure such as roads and power lines can be severely damaged, leading to costly repairs and reconstruction efforts.\n\n2. Business disruption: A hurricane can lead to the temporary shutdown or slowdown of business activity in the affected region. This results in lost revenue, reduced productivity, and increased expenses for companies that have to make repairs, rebuild or relocate. The interruption in operations can also have a ripple effect on industries that rely on supplies or services from affected businesses.\n\n3. Agriculture: Florida has a large agricultural sector, and a hurricane can devastate crops, livestock, and other farm assets.  This can lead to reduced crop yields, increased food prices, and lost income for farmers.\n\n4. Tourism: Florida is a popular tourist destination, and a hurricane can significantly impact the tourism industry. The damage caused to hotels and attractions, coupled with travel disruption, can deter visitors from coming to the state, resulting in a drop in tourism revenue.\n\n5. Recovery efforts: In the aftermath of a hurricane, significant resources are needed for recovery efforts, including emergency aid, rebuilding, and infrastructure repair. This can be expensive, and the government, businesses, and households may need to take on debt or redirect funds from other areas to finance the recovery.\n\nOverall, the economic effects of a hurricane in Florida can be far-reaching and long-lasting, affecting various industries and the broader economy. Efforts to prepare for and mitigate the potential impacts can help to reduce the severity of these effects.\n*****QUESTION:***** If there is an explanation: Does the explanation include subjective or biased criteria?", "index": 1390}, {"instruction": "Explain what could be the economical effects of the given event?", "input": "A hurricane in Florida", "output": "A hurricane in Florida can have significant economic effects on the region, as well as the rest of the country. Some potential consequences include: \n\n1. Property damage: The most immediate and visible effect of a hurricane is the physical destruction caused by high winds, heavy rainfall, and flooding. Homes, businesses, and infrastructure such as roads and power lines can be severely damaged, leading to costly repairs and reconstruction efforts.\n\n2. Business disruption: A hurricane can lead to the temporary shutdown or slowdown of business activity in the affected region. This results in lost revenue, reduced productivity, and increased expenses for companies that have to make repairs, rebuild or relocate. The interruption in operations can also have a ripple effect on industries that rely on supplies or services from affected businesses.\n\n3. Agriculture: Florida has a large agricultural sector, and a hurricane can devastate crops, livestock, and other farm assets.  This can lead to reduced crop yields, increased food prices, and lost income for farmers.\n\n4. Tourism: Florida is a popular tourist destination, and a hurricane can significantly impact the tourism industry. The damage caused to hotels and attractions, coupled with travel disruption, can deter visitors from coming to the state, resulting in a drop in tourism revenue.\n\n5. Recovery efforts: In the aftermath of a hurricane, significant resources are needed for recovery efforts, including emergency aid, rebuilding, and infrastructure repair. This can be expensive, and the government, businesses, and households may need to take on debt or redirect funds from other areas to finance the recovery.\n\nOverall, the economic effects of a hurricane in Florida can be far-reaching and long-lasting, affecting various industries and the broader economy. Efforts to prepare for and mitigate the potential impacts can help to reduce the severity of these effects.", "all_data": "*****INSTRUCTION:***** Explain what could be the economical effects of the given event?\nA hurricane in Florida\n*****OUTPUT:***** A hurricane in Florida can have significant economic effects on the region, as well as the rest of the country. Some potential consequences include: \n\n1. Property damage: The most immediate and visible effect of a hurricane is the physical destruction caused by high winds, heavy rainfall, and flooding. Homes, businesses, and infrastructure such as roads and power lines can be severely damaged, leading to costly repairs and reconstruction efforts.\n\n2. Business disruption: A hurricane can lead to the temporary shutdown or slowdown of business activity in the affected region. This results in lost revenue, reduced productivity, and increased expenses for companies that have to make repairs, rebuild or relocate. The interruption in operations can also have a ripple effect on industries that rely on supplies or services from affected businesses.\n\n3. Agriculture: Florida has a large agricultural sector, and a hurricane can devastate crops, livestock, and other farm assets.  This can lead to reduced crop yields, increased food prices, and lost income for farmers.\n\n4. Tourism: Florida is a popular tourist destination, and a hurricane can significantly impact the tourism industry. The damage caused to hotels and attractions, coupled with travel disruption, can deter visitors from coming to the state, resulting in a drop in tourism revenue.\n\n5. Recovery efforts: In the aftermath of a hurricane, significant resources are needed for recovery efforts, including emergency aid, rebuilding, and infrastructure repair. This can be expensive, and the government, businesses, and households may need to take on debt or redirect funds from other areas to finance the recovery.\n\nOverall, the economic effects of a hurricane in Florida can be far-reaching and long-lasting, affecting various industries and the broader economy. Efforts to prepare for and mitigate the potential impacts can help to reduce the severity of these effects.\n*****QUESTION:***** If there is an explanation: Does the explanation include illustrative elements (e.g. examples)?", "index": 1391}, {"instruction": "Explain what could be the economical effects of the given event?", "input": "A hurricane in Florida", "output": "A hurricane in Florida can have significant economic effects on the region, as well as the rest of the country. Some potential consequences include: \n\n1. Property damage: The most immediate and visible effect of a hurricane is the physical destruction caused by high winds, heavy rainfall, and flooding. Homes, businesses, and infrastructure such as roads and power lines can be severely damaged, leading to costly repairs and reconstruction efforts.\n\n2. Business disruption: A hurricane can lead to the temporary shutdown or slowdown of business activity in the affected region. This results in lost revenue, reduced productivity, and increased expenses for companies that have to make repairs, rebuild or relocate. The interruption in operations can also have a ripple effect on industries that rely on supplies or services from affected businesses.\n\n3. Agriculture: Florida has a large agricultural sector, and a hurricane can devastate crops, livestock, and other farm assets.  This can lead to reduced crop yields, increased food prices, and lost income for farmers.\n\n4. Tourism: Florida is a popular tourist destination, and a hurricane can significantly impact the tourism industry. The damage caused to hotels and attractions, coupled with travel disruption, can deter visitors from coming to the state, resulting in a drop in tourism revenue.\n\n5. Recovery efforts: In the aftermath of a hurricane, significant resources are needed for recovery efforts, including emergency aid, rebuilding, and infrastructure repair. This can be expensive, and the government, businesses, and households may need to take on debt or redirect funds from other areas to finance the recovery.\n\nOverall, the economic effects of a hurricane in Florida can be far-reaching and long-lasting, affecting various industries and the broader economy. Efforts to prepare for and mitigate the potential impacts can help to reduce the severity of these effects.", "all_data": "*****INSTRUCTION:***** Explain what could be the economical effects of the given event?\nA hurricane in Florida\n*****OUTPUT:***** A hurricane in Florida can have significant economic effects on the region, as well as the rest of the country. Some potential consequences include: \n\n1. Property damage: The most immediate and visible effect of a hurricane is the physical destruction caused by high winds, heavy rainfall, and flooding. Homes, businesses, and infrastructure such as roads and power lines can be severely damaged, leading to costly repairs and reconstruction efforts.\n\n2. Business disruption: A hurricane can lead to the temporary shutdown or slowdown of business activity in the affected region. This results in lost revenue, reduced productivity, and increased expenses for companies that have to make repairs, rebuild or relocate. The interruption in operations can also have a ripple effect on industries that rely on supplies or services from affected businesses.\n\n3. Agriculture: Florida has a large agricultural sector, and a hurricane can devastate crops, livestock, and other farm assets.  This can lead to reduced crop yields, increased food prices, and lost income for farmers.\n\n4. Tourism: Florida is a popular tourist destination, and a hurricane can significantly impact the tourism industry. The damage caused to hotels and attractions, coupled with travel disruption, can deter visitors from coming to the state, resulting in a drop in tourism revenue.\n\n5. Recovery efforts: In the aftermath of a hurricane, significant resources are needed for recovery efforts, including emergency aid, rebuilding, and infrastructure repair. This can be expensive, and the government, businesses, and households may need to take on debt or redirect funds from other areas to finance the recovery.\n\nOverall, the economic effects of a hurricane in Florida can be far-reaching and long-lasting, affecting various industries and the broader economy. Efforts to prepare for and mitigate the potential impacts can help to reduce the severity of these effects.\n*****QUESTION:***** If there is an explanation: Is the explanation misleading (e.g. arguing for a label that is wrong)?", "index": 1392}, {"instruction": "Read the input text and output the single noun", "input": "He received an acceptance letter from the university", "output": "university", "all_data": "*****INSTRUCTION:***** Read the input text and output the single noun\nHe received an acceptance letter from the university\n*****OUTPUT:***** university\n*****QUESTION:***** Does the output contain an explanation for the prediction?", "index": 1393}, {"instruction": "Read the input text and output the single noun", "input": "He received an acceptance letter from the university", "output": "university", "all_data": "*****INSTRUCTION:***** Read the input text and output the single noun\nHe received an acceptance letter from the university\n*****OUTPUT:***** university\n*****QUESTION:***** Would you give an explanation/justify your reasoning if you were asked this question by a friend?", "index": 1394}, {"instruction": "Read the input text and output the single noun", "input": "He received an acceptance letter from the university", "output": "university", "all_data": "*****INSTRUCTION:***** Read the input text and output the single noun\nHe received an acceptance letter from the university\n*****OUTPUT:***** university\n*****QUESTION:***** If there is an explanation: Does the explanation refer to commonsense concepts that are taken as given?", "index": 1395}, {"instruction": "Read the input text and output the single noun", "input": "He received an acceptance letter from the university", "output": "university", "all_data": "*****INSTRUCTION:***** Read the input text and output the single noun\nHe received an acceptance letter from the university\n*****OUTPUT:***** university\n*****QUESTION:***** If there is an explanation: Does the explanation list contributing factors?", "index": 1396}, {"instruction": "Read the input text and output the single noun", "input": "He received an acceptance letter from the university", "output": "university", "all_data": "*****INSTRUCTION:***** Read the input text and output the single noun\nHe received an acceptance letter from the university\n*****OUTPUT:***** university\n*****QUESTION:***** If there is an explanation: Does the explanation include subjective or biased criteria?", "index": 1397}, {"instruction": "Read the input text and output the single noun", "input": "He received an acceptance letter from the university", "output": "university", "all_data": "*****INSTRUCTION:***** Read the input text and output the single noun\nHe received an acceptance letter from the university\n*****OUTPUT:***** university\n*****QUESTION:***** If there is an explanation: Does the explanation include illustrative elements (e.g. examples)?", "index": 1398}, {"instruction": "Read the input text and output the single noun", "input": "He received an acceptance letter from the university", "output": "university", "all_data": "*****INSTRUCTION:***** Read the input text and output the single noun\nHe received an acceptance letter from the university\n*****OUTPUT:***** university\n*****QUESTION:***** If there is an explanation: Is the explanation misleading (e.g. arguing for a label that is wrong)?", "index": 1399}]